tick,price,volume,buy_vol,sell_vol,bid1_px,bid1_vol,ask1_px,ask1_vol,ma5,ma20,ma60,rsi14,atr14,vwap,stddev,imbalance
0,100000000,0,0,0,99841197,12,100037720,4,100000000,100000000,100000000,5000,0,100000000,0,0
1,100000000,0,0,0,99841197,12,100037720,4,100000000,100000000,100000000,5000,0,100000000,0,0
2,100000000,0,0,0,99841197,12,100037720,4,100000000,100000000,100000000,5000,0,100000000,0,0
3,100000000,0,0,0,99841197,24,100037720,4,100000000,100000000,100000000,5000,0,100000000,0,0
4,100000000,0,0,0,99841197,24,100037720,4,100000000,100000000,100000000,5000,0,100000000,0,0
5,100000000,0,0,0,99841197,24,100037720,4,100000000,100000000,100000000,5000,0,100000000,0,0
6,100037720,3,3,0,99841197,36,100037720,1,100000000,100000000,100000000,5000,0,100037720,0,0
7,100037720,0,0,0,99878917,0,100037720,1,100007544,100004715,100004715,5000,0,100037720,12474,0
8,100037720,0,0,0,99878917,12,100037720,1,100015088,100008382,100008382,5000,0,100037720,15681,0
9,100037720,0,0,0,99889002,3,100037720,1,100022632,100011316,100011316,5000,0,100037720,17285,0
10,100037720,0,0,0,99889002,3,100037720,1,100030176,100013716,100013716,5000,0,100037720,18145,0
11,100037720,0,0,0,99889002,3,100037720,1,100037720,100015716,100015716,5000,0,100037720,18596,0
12,100037720,0,0,0,99889002,3,100037720,1,100037720,100017409,100017409,5000,0,100037720,18804,0
13,100037720,0,0,0,99889002,3,100019539,3,100037720,100018860,100018860,5000,0,100037720,18860,0
14,100037720,0,0,0,99889002,3,100019539,3,100037720,100020117,100020117,5000,0,100037720,18818,0
15,100037720,0,0,0,99889002,3,100019539,3,100037720,100021217,100021217,5000,0,100037720,18712,0
16,100019539,3,3,0,99889002,3,100037720,1,100037720,100022188,100022188,5000,0,100037720,18564,0
17,100213500,5,1,4,100045506,4,100178342,0,100034083,100022041,100022041,5000,0,100028629,18051,0
18,100390646,3,0,3,100074697,0,100214055,1,100069239,100032117,100032117,5000,0,100112661,46221,0
19,100214055,1,1,0,100251843,0,100391827,0,100139825,100050044,100050044,5000,0,100172229,90196,0
20,100214055,0,0,0,100251843,0,100387858,0,100175092,100060747,100057854,5000,0,100175018,96128,0
21,100214055,0,0,0,100251843,0,100387858,0,100210359,100071449,100064954,5000,0,100175018,100581,0
22,100214055,0,0,0,100251843,0,100387858,0,100249262,100082152,100071436,5000,0,100175018,103748,0
23,100214055,0,0,0,100251843,0,100387858,0,100249373,100092855,100077379,5000,0,100175018,105743,0
24,100214055,0,0,0,100481542,3,100569449,0,100214055,100103558,100082846,5000,0,100175018,106632,0
25,100481542,3,0,3,100264055,15,100387858,0,100214055,100114260,100087892,5000,0,100175018,106443,0
26,100481542,0,0,0,100352739,12,100387858,0,100267552,100138337,100102472,5000,0,100226105,129778,0
27,100481542,0,0,0,100352739,0,100387858,0,100321049,100160528,100116010,5000,0,100226105,147422,0
28,100481542,0,0,0,100352739,0,100387858,0,100374547,100182720,100128615,5000,0,100226105,160122,0
29,100481542,0,0,0,100352739,12,100387858,0,100428044,100204911,100140379,5000,0,100226105,168997,0
30,100352739,3,0,3,100352739,9,100387858,0,100481542,100227102,100151384,5000,0,100226105,174632,0
31,100352739,0,0,0,100352739,0,100387858,0,100455781,100242853,100157677,5000,0,100244195,171009,0
32,100352739,0,0,0,100352739,0,100387858,0,100430020,100258604,100163587,5000,0,100244195,165818,0
33,100352739,0,0,0,100352739,0,100387858,0,100404260,100274355,100169151,5000,0,100244195,158906,0
34,100352739,0,0,0,100352739,0,100387858,0,100378499,100290106,100174396,5000,0,100244195,150035,0
35,100352739,0,0,0,100352739,0,100387858,0,100352739,100305857,100179350,5000,0,100244195,138830,0
36,100352739,0,0,0,100352739,0,100387858,0,100352739,100321607,100184036,5000,0,100244195,124662,0
37,100352739,0,0,0,100352739,0,100387858,0,100352739,100338267,100188476,5000,0,100244195,103679,0
38,100352739,0,0,0,100352739,0,100387858,0,100352739,100345229,100192688,5000,0,100244195,99664,0
39,100352739,0,0,0,100352739,0,100387858,0,100352739,100343334,100196689,5000,0,100244195,99141,0
40,100352739,0,0,0,100352739,0,100387858,0,100352739,100350268,100200495,5000,0,100244195,94603,0
41,100341857,4,0,4,100264055,15,100302739,11,100352739,100357202,100204120,5000,0,100244195,89298,0
42,100341857,0,0,0,100264055,15,100302739,11,100350562,100363593,100207323,5000,0,100259821,83190,0
43,100341857,0,0,0,100264055,15,100302739,11,100348386,100369983,100210381,5000,0,100259821,76061,0
44,100341857,0,0,0,100264055,15,100302739,11,100346209,100376373,100213302,5000,0,100259821,67589,0
45,100341857,0,0,0,100264055,15,100302739,11,100344033,100382763,100216097,5000,0,100259821,57181,0
46,100341857,0,0,0,100264055,15,100302739,11,100341857,100375779,100218773,5000,0,100259821,53073,0
47,100341857,0,0,0,100264055,15,100302739,11,100341857,100368794,100221337,5000,0,100259821,47605,0
48,100341857,0,0,0,100264055,15,100302739,11,100341857,100361810,100223797,5000,0,100259821,40226,0
49,100341857,0,0,0,100264055,15,100302739,11,100341857,100354826,100226158,5000,0,100259821,29538,0
50,100341857,0,0,0,100264055,15,100302739,11,100341857,100347842,100228426,5000,0,100259821,5413,0
51,100341857,0,0,0,100264055,15,100302739,11,100341857,100347298,100230608,5000,0,100259821,5441,0
52,100341857,0,0,0,100264055,15,100302739,11,100341857,100346753,100232707,5000,0,100259821,5413,0
53,100341857,0,0,0,100264055,15,100302739,11,100341857,100346209,100234728,5000,0,100259821,5331,0
54,100341857,0,0,0,100264055,15,100302739,11,100341857,100345665,100236676,5000,0,100259821,5190,0
55,100341857,0,0,0,100264055,15,100302739,11,100341857,100345121,100238554,5000,0,100259821,4986,0
56,100341857,0,0,0,100264055,15,100302739,11,100341857,100344577,100240366,5000,0,100259821,4712,0
57,100341857,0,0,0,100264055,15,100302739,11,100341857,100344033,100242116,5000,0,100259821,4352,0
58,100341857,0,0,0,100264055,15,100302739,11,100341857,100343489,100243807,5000,0,100259821,3885,0
59,100341857,0,0,0,100264055,15,100302739,11,100341857,100342945,100245441,5000,0,100259821,3264,0
60,100264055,4,0,4,100264055,11,100302739,11,100341857,100342401,100251138,5000,0,100259821,2371,0
61,100264055,0,0,0,100264055,11,100302739,11,100326296,100337966,100255539,5000,0,100260405,16956,0
62,100264055,0,0,0,100264055,11,100302739,11,100310736,100334076,100259940,5000,0,100260405,23340,0
63,100264055,4,0,4,100264055,7,100302739,11,100295175,100330186,100264341,5000,0,100260405,27780,0
64,100264055,0,0,0,100264055,7,100302739,11,100279615,100326296,100268742,5000,0,100260847,31120,0
65,100264055,3,0,3,100264055,4,100302739,11,100264055,100322406,100273143,5000,0,100260847,33689,0
66,100264055,0,0,0,100264055,4,100302739,11,100264055,100318516,100277544,5000,0,100261115,35653,0
67,100264055,0,0,0,100264055,4,100302739,11,100264055,100314626,100281316,5000,0,100261115,37109,0
68,100264055,0,0,0,100264055,4,100302739,11,100264055,100310736,100285088,5000,0,100261115,38115,0
69,100264055,0,0,0,100264055,4,100302739,11,100264055,100306846,100288861,5000,0,100261115,38706,0
70,100264055,0,0,0,100264055,4,100302739,11,100264055,100302956,100292633,5000,0,100261115,38901,0
71,100264055,0,0,0,100264055,4,100302739,11,100264055,100299065,100296405,5000,0,100261115,38706,0
72,100264055,0,0,0,100264055,4,100302739,11,100264055,100295175,100300177,5000,0,100261115,38115,0
73,100264055,0,0,0,100264055,4,100302739,11,100264055,100291285,100303950,5000,0,100261115,37109,0
74,100264055,0,0,0,100264055,4,100302739,11,100264055,100287395,100307722,5000,0,100261115,35653,0
75,100264055,0,0,0,100264055,4,100302739,11,100264055,100283505,100311494,5000,0,100261115,33689,0
76,100264055,0,0,0,100264055,4,100302739,11,100264055,100279615,100315266,5000,0,100261115,31120,0
77,100263192,5,0,5,100263192,2,100302739,11,100264055,100275725,100319342,5000,0,100261115,27780,0
78,100263192,0,0,0,100263192,2,100302739,11,100263882,100271792,100320170,5000,0,100261368,23355,0
79,100263192,0,0,0,100263192,2,100302739,11,100263709,100267858,100318046,5000,0,100261368,16978,0
80,100263192,0,0,0,100263192,2,100302739,11,100263537,100263925,100318865,5000,0,100261368,308,0
81,100263192,0,0,0,100263192,2,100302739,11,100263364,100263882,100319684,5000,0,100261368,345,0
82,100263192,0,0,0,100263192,2,100302739,11,100263192,100263839,100320503,5000,0,100261368,373,0
83,100263192,0,0,0,100263192,2,100302739,11,100263192,100263796,100321321,5000,0,100261368,395,0
84,100263192,0,0,0,100263192,2,100302739,11,100263192,100263752,100322140,5000,0,100261368,411,0
85,100363548,3,3,0,100263192,2,100363548,2,100263192,100263709,100322959,5000,0,100261368,422,0
86,100395607,6,6,0,100413548,9,100436995,0,100283263,100268684,100320993,5000,0,100268335,21767,0
87,100395607,0,0,0,100413548,9,100436995,0,100309746,100275262,100319561,5000,0,100283607,35141,0
88,100395607,0,0,0,100413548,9,100436995,0,100336229,100281839,100318128,5000,0,100283607,43698,0
89,100395607,0,0,0,100413548,9,100436995,0,100362712,100288417,100316696,5000,0,100283607,49976,0
90,100395607,0,0,0,100413548,9,100436995,0,100389195,100294994,100315264,5000,0,100283607,54764,0
91,100395607,0,0,0,100413548,9,100436995,0,100395607,100301572,100315978,5000,0,100283607,58430,0
92,100413548,5,0,5,100413548,4,100436995,0,100395607,100308150,100316693,5000,0,100283607,61177,0
93,100413548,0,0,0,100413548,4,100436995,0,100399195,100315624,100317706,5000,0,100295420,64381,0
94,100413548,0,0,0,100413548,4,100436995,0,100402783,100323099,100318720,5000,0,100295420,66600,0
95,100413548,0,0,0,100413548,4,100436995,0,100406371,100330574,100319733,5000,0,100295420,67929,0
96,100413548,0,0,0,100413548,4,100436995,0,100409959,100338048,100320747,5000,0,100295420,68422,0
97,100413548,0,0,0,100413548,4,100436995,0,100413548,100345523,100321760,5000,0,100295420,68095,0
98,100413548,0,0,0,100413548,4,100436995,0,100413548,100353041,100322774,5000,0,100295420,66879,0
99,100413548,0,0,0,100413548,4,100436995,0,100413548,100360558,100323787,5000,0,100295420,64774,0
100,100413548,0,0,0,100413548,4,100436995,0,100413548,100368076,100324801,5000,0,100295420,61690,0
101,100413548,4,0,4,100322207,4,100436995,0,100413548,100375594,100325814,5000,0,100295420,57467,0
102,100413548,0,0,0,100322207,4,100436995,0,100413548,100383112,100327009,5000,0,100303429,51829,0
103,100413548,0,0,0,100322207,4,100436995,0,100413548,100390630,100328204,5000,0,100303429,44238,0
104,100413548,0,0,0,100322207,4,100436995,0,100413548,100398147,100329399,5000,0,100303429,33387,0
105,100487942,3,3,0,100322207,4,100487942,2,100413548,100405665,100330594,5000,0,100303429,12626,0
106,100487942,0,0,0,100344139,0,100487942,2,100428426,100411885,100333028,5000,0,100312357,19248,0
107,100487942,0,0,0,100344139,0,100487942,2,100443305,100416502,100335463,5000,0,100312357,25003,0
108,100487942,0,0,0,100344139,0,100487942,2,100458184,100421118,100337898,5000,0,100312357,28934,0
109,100501796,5,5,0,100344139,0,100515660,12,100473063,100425735,100340333,5000,0,100312357,31727,0
110,100501796,0,0,0,100357993,0,100515660,12,100490712,100431045,100342998,5000,0,100326494,34961,0
111,100322207,3,0,3,100322207,1,100515660,12,100493483,100436354,100345664,5000,0,100326494,37170,0
112,100322207,0,0,0,100322207,1,100496010,12,100460336,100432684,100345336,5000,0,100326310,44006,0
113,100322207,1,0,1,100269745,0,100272207,14,100427189,100428117,100345009,5000,0,100326310,50077,0
114,100322207,0,0,0,100269745,0,100272207,14,100394042,100423550,100344681,5000,0,100326252,55109,0
115,100272207,5,5,0,100269745,0,100272207,9,100358124,100418983,100344354,5000,0,100326252,59369,0
116,100272207,0,0,0,100269745,0,100272207,9,100312207,100411916,100343193,5000,0,100322697,67457,0
117,100272207,0,0,0,100269745,0,100272207,9,100302207,100404849,100342032,5000,0,100322697,74002,0
118,100272207,0,0,0,100269745,0,100272207,9,100292207,100397782,100340871,5000,0,100322697,79387,0
119,100272207,0,0,0,100269745,0,100272207,9,100282207,100390715,100339710,5000,0,100322697,83835,0
120,100272207,0,0,0,100269745,0,100272207,9,100272207,100383648,100338550,5000,0,100322697,87490,0
121,100272207,0,0,0,100269745,0,100272207,9,100272207,100376581,100338686,5000,0,100322697,90448,0
122,100272207,0,0,0,100269745,0,100272207,9,100272207,100369514,100338821,5000,0,100322697,92775,0
123,100272207,3,3,0,100269745,0,100272207,6,100272207,100362447,100338957,5000,0,100322697,94519,0
124,100272207,0,0,0,100269745,0,100272207,6,100272207,100355379,100339093,5000,0,100320779,95710,0
125,100272207,0,0,0,100269745,0,100272207,6,100272207,100348312,100339229,5000,0,100320779,96370,0
126,100272207,0,0,0,100269745,0,100272207,6,100272207,100337526,100339365,5000,0,100320779,92118,0
127,100272207,0,0,0,100269745,0,100272207,6,100272207,100326739,100339501,5000,0,100320779,86321,0
128,100272207,0,0,0,100269745,0,100272207,6,100272207,100315952,100339637,5000,0,100320779,78641,0
129,100272207,0,0,0,100269745,0,100272207,6,100272207,100305165,100339772,5000,0,100320779,68445,0
130,100272207,0,0,0,100269745,0,100272207,6,100272207,100293686,100339908,5000,0,100320779,51712,0
131,100272207,0,0,0,100269745,0,100272207,6,100272207,100282207,100340044,5000,0,100320779,20000,0
132,100272207,0,0,0,100269745,0,100272207,6,100272207,100279707,100340180,5000,0,100320779,17853,0
133,100272207,0,0,0,100269745,0,100272207,6,100272207,100277207,100340316,5000,0,100320779,15000,0
134,100272207,6,6,0,100329004,2,100425581,3,100272207,100274707,100340452,5000,0,100320779,10897,0
135,100272207,0,0,0,100329004,2,100425581,3,100272207,100272207,100340588,5000,0,100317351,0,0
136,100272207,0,0,0,100329004,2,100425581,3,100272207,100272207,100340724,5000,0,100317351,0,0
137,100272207,0,0,0,100329004,2,100397584,4,100272207,100272207,100340859,5000,0,100317351,0,0
138,100272207,0,0,0,100329004,2,100397584,4,100272207,100272207,100341010,5000,0,100317351,0,0
139,100272207,0,0,0,100329004,2,100397584,4,100272207,100272207,100341160,5000,0,100317351,0,0
140,100272207,0,0,0,100329004,2,100397584,4,100272207,100272207,100341310,5000,0,100317351,0,0
141,100272207,0,0,0,100329004,2,100397584,4,100272207,100272207,100341460,5000,0,100317351,0,0
142,100272207,0,0,0,100329004,2,100397584,4,100272207,100272207,100341611,5000,0,100317351,0,0
143,100272207,0,0,0,100329004,2,100397584,4,100272207,100272207,100341761,5000,0,100317351,0,0
144,100272207,0,0,0,100329004,2,100397584,4,100272207,100272207,100341911,5000,0,100317351,0,0
145,100425581,5,5,0,100329004,2,100425581,2,100272207,100272207,100342061,5000,0,100317351,0,0
146,100475581,7,2,5,100475581,8,100479901,3,100302881,100279875,100343095,5000,0,100323364,33427,0
147,100475581,0,0,0,100475581,8,100479901,3,100343556,100290044,100344428,5000,0,100334348,54093,0
148,100475581,0,0,0,100475581,8,100479901,3,100384231,100300213,100345761,5000,0,100334348,67289,0
149,100475581,0,0,0,100475581,8,100479901,3,100424906,100310381,100347094,5000,0,100334348,76961,0
150,100475581,0,0,0,100475581,8,100479901,3,100465581,100320550,100348427,5000,0,100334348,84328,0
151,100475581,0,0,0,100475581,8,100479901,3,100475581,100330719,100349760,5000,0,100334348,89959,0
152,100475581,0,0,0,100475581,8,100479901,3,100475581,100340887,100351093,5000,0,100334348,94166,0
153,100475581,0,0,0,100475581,8,100479901,3,100475581,100351056,100352127,5000,0,100334348,97135,0
154,100475581,0,0,0,100475581,8,100479901,3,100475581,100361225,100353160,5000,0,100334348,98976,0
155,100475581,0,0,0,100475581,8,100479901,3,100475581,100371394,100354194,5000,0,100334348,99752,0
156,100475581,0,0,0,100475581,8,100479901,3,100475581,100381562,100355228,5000,0,100334348,99488,0
157,100475581,0,0,0,100475581,8,100479901,3,100475581,100391731,100356262,5000,0,100334348,98176,0
158,100475581,0,0,0,100475581,8,100479901,3,100475581,100401900,100357296,5000,0,100334348,95773,0
159,100475581,0,0,0,100475581,8,100479901,3,100475581,100412068,100358330,5000,0,100334348,92192,0
160,100475581,0,0,0,100475581,8,100479901,3,100475581,100422237,100359364,5000,0,100334348,87290,0
161,100475581,0,0,0,100475581,8,100479901,3,100475581,100432406,100360398,5000,0,100334348,80827,0
162,100475581,0,0,0,100475581,8,100479901,3,100475581,100442574,100361431,5000,0,100334348,72386,0
163,100475581,0,0,0,100475581,8,100479901,3,100475581,100452743,100362465,5000,0,100334348,61151,0
164,100475581,0,0,0,100475581,8,100479901,3,100475581,100462912,100363499,5000,0,100334348,45083,0
165,100475581,0,0,0,100475581,8,100479901,3,100475581,100473081,100364533,5000,0,100334348,10897,0
166,100475581,0,0,0,100475581,8,100479901,3,100475581,100475581,100364327,5000,0,100334348,0,0
167,100475581,0,0,0,100475581,8,100479901,3,100475581,100475581,100364121,5000,0,100334348,0,0
168,100475581,3,0,3,100475581,5,100479901,3,100475581,100475581,100363915,5000,0,100334348,0,0
169,100475581,0,0,0,100475581,5,100479901,3,100475581,100475581,100363709,5000,0,100338585,0,0
170,100475581,0,0,0,100475581,5,100479901,3,100475581,100475581,100363272,5000,0,100338585,0,0
171,100475581,5,0,5,100392905,3,100479901,3,100475581,100475581,100362835,5000,0,100338585,0,0
172,100475581,0,0,0,100392905,3,100404206,5,100475581,100475581,100365391,5000,0,100345109,0,0
173,100475581,0,0,0,100392905,3,100404206,5,100475581,100475581,100367948,5000,0,100345109,0,0
174,100475581,0,0,0,100392905,3,100404206,5,100475581,100475581,100370504,5000,0,100345109,0,0
175,100475581,0,0,0,100392905,3,100404206,5,100475581,100475581,100373060,5000,0,100345109,0,0
176,100404206,8,5,3,100331778,0,100479901,3,100475581,100475581,100376450,5000,0,100345109,0,0
177,100404206,0,0,0,100331778,0,100354206,15,100461306,100472012,100378650,5000,0,100349293,15555,0
178,100404206,0,0,0,100331778,0,100354206,15,100447031,100468443,100380850,5000,0,100349293,21412,0
179,100404206,0,0,0,100331778,0,100354206,15,100432756,100464874,100383050,5000,0,100349293,25485,0
180,100354206,3,3,0,100331778,0,100354206,12,100418481,100461306,100385250,5000,0,100349293,28550,0
181,100354206,0,0,0,100331778,0,100354206,12,100394206,100455237,100386616,5000,0,100349420,36627,0
182,100354206,0,0,0,100331778,0,100354206,12,100384206,100449168,100387983,5000,0,100349420,42360,0
183,100354206,0,0,0,100331778,0,100354206,12,100374206,100443099,100389350,5000,0,100349420,46622,0
184,100354206,0,0,0,100331778,0,100354206,12,100364206,100437031,100390716,5000,0,100349420,49791,0
185,100354206,0,0,0,100331778,0,100354206,12,100354206,100430962,100392083,5000,0,100349420,52067,0
186,100354206,0,0,0,100331778,0,100354206,12,100354206,100424893,100393450,5000,0,100349420,53565,0
187,100354206,0,0,0,100331778,0,100354206,12,100354206,100418824,100394816,5000,0,100349420,54348,0
188,100354206,0,0,0,100331778,0,100354206,12,100354206,100412756,100396183,5000,0,100349420,54448,0
189,100354206,0,0,0,100331778,0,100354206,12,100354206,100406687,100397550,5000,0,100349420,53869,0
190,100354206,0,0,0,100331778,0,100354206,12,100354206,100400618,100398916,5000,0,100349420,52587,0
191,100263192,3,0,3,100263192,1,100354206,12,100354206,100394549,100400283,5000,0,100349420,50550,0
192,100263192,0,0,0,100263192,1,100354206,12,100336003,100383930,100400133,5000,0,100347246,54562,0
193,100263192,0,0,0,100263192,1,100354206,12,100317800,100373310,100399982,5000,0,100347246,56330,0
194,100263192,0,0,0,100263192,1,100354206,12,100299597,100362691,100399832,5000,0,100347246,56068,0
195,100263192,0,0,0,100263192,1,100354206,12,100281394,100352071,100399682,5000,0,100347246,53747,0
196,100263192,0,0,0,100263192,1,100354206,12,100263192,100341452,100399532,5000,0,100347246,49073,0
197,100263192,0,0,0,100263192,1,100354206,12,100263192,100334401,100399381,5000,0,100347246,49677,0
198,100263192,0,0,0,100263192,1,100354206,12,100263192,100327351,100399231,5000,0,100347246,49275,0
199,100263192,0,0,0,100263192,1,100354206,12,100263192,100320300,100399081,5000,0,100347246,47841,0
200,100263192,0,0,0,100263192,1,100354206,12,100263192,100313249,100398931,5000,0,100347246,45278,0
201,100263192,0,0,0,100263192,1,100354206,12,100263192,100308699,100398780,5000,0,100347246,45507,0
202,100263192,0,0,0,100263192,1,100348221,3,100263192,100304148,100398630,5000,0,100347246,45278,0
203,100263192,0,0,0,100263192,1,100348221,3,100263192,100299597,100398480,5000,0,100347246,44587,0
204,100263192,0,0,0,100263192,1,100348221,3,100263192,100295046,100398330,5000,0,100347246,43410,0
205,100263192,0,0,0,100263192,1,100348221,3,100263192,100290496,100398179,5000,0,100347246,41707,0
206,100263192,0,0,0,100263192,1,100348221,3,100263192,100285945,100395473,5000,0,100347246,39410,0
207,100263192,0,0,0,100263192,1,100348221,3,100263192,100281394,100391933,5000,0,100347246,36405,0
208,100263192,1,0,1,100260403,0,100261303,2,100263192,100276844,100388393,5000,0,100347246,32498,0
209,100263192,0,0,0,100260403,0,100261303,2,100263192,100272293,100384853,5000,0,100346545,27304,0
210,100263192,0,0,0,100260403,0,100261303,2,100263192,100267742,100381314,5000,0,100346545,19836,0
211,100263192,0,0,0,100260403,0,100261303,2,100263192,100263192,100377774,5000,0,100346545,0,0
212,100263192,0,0,0,100260403,0,100261303,2,100263192,100263192,100374234,5000,0,100346545,0,0
213,100261303,2,2,0,100343840,3,100348221,3,100263192,100263192,100370694,5000,0,100346545,0,0
214,100343840,3,0,3,100129508,0,100130791,4,100262814,100263097,100367123,5000,0,100345148,411,0
215,100211303,15,15,0,100200037,0,100211303,1,100278943,100267129,100364927,5000,0,100345117,17603,0
216,100211303,0,0,0,100200037,0,100211303,1,100268566,100264535,100360523,5000,0,100330779,21405,0
217,100211303,0,0,0,100129508,0,100161303,15,100258188,100261941,100356118,5000,0,100330779,24352,0
218,100211303,0,0,0,100129508,0,100161303,15,100247810,100259346,100351713,5000,0,100330779,26729,0
219,100211303,0,0,0,100129508,0,100161303,15,100237810,100256752,100347309,5000,0,100330779,28677,0
220,100211303,0,0,0,100129508,0,100161303,15,100211303,100254157,100342904,5000,0,100330779,30280,0
221,100211303,0,0,0,100129508,0,100161303,15,100211303,100251563,100338499,5000,0,100330779,31589,0
222,100001995,4,4,0,100067500,8,100161303,15,100211303,100248968,100334095,5000,0,100330779,32641,0
223,100001995,0,0,0,100067500,0,100155798,0,100169441,100235908,100326202,5000,0,100321646,62726,0
224,100001995,0,0,0,100067500,0,100155798,0,100127579,100222849,100318309,5000,0,100321646,80390,0
225,100001995,0,0,0,100067500,0,100155798,0,100085718,100209789,100310415,5000,0,100321646,93002,0
226,100001995,0,0,0,100067500,0,100155798,0,100043856,100196729,100302522,5000,0,100321646,102446,0
227,100067500,4,0,4,100067500,4,100155798,12,100001995,100183669,100294629,5000,0,100321646,109544,0
228,100067500,0,0,0,100067500,4,100155798,0,100015096,100173884,100287828,5000,0,100314778,110737,0
229,100067500,0,0,0,100128143,4,100155798,0,100028197,100164100,100281027,5000,0,100314778,111058,0
230,100067500,0,0,0,100128143,4,100155798,0,100041298,100154315,100274225,5000,0,100314778,110516,0
231,100067500,0,0,0,100128143,4,100155798,0,100054399,100144531,100267424,5000,0,100314778,109098,0
232,100067500,0,0,0,100128143,4,100155798,0,100067500,100134746,100260622,5000,0,100314778,106767,0
233,100067500,0,0,0,100128143,4,100155798,0,100067500,100124961,100253821,5000,0,100314778,103463,0
234,100161303,3,3,0,100128143,4,100161303,12,100067500,100115271,100247020,5000,0,100314778,99229,0
235,100161303,0,0,0,100128143,4,100161303,12,100086260,100106144,100241782,5000,0,100311728,85188,0
236,100161303,12,12,0,100211303,7,100246160,3,100105021,100103644,100236544,5000,0,100311728,82764,0
237,100161303,0,0,0,100211303,7,100246160,3,100123781,100101144,100232495,5000,0,100300654,80189,0
238,100211303,3,0,3,100211303,4,100246160,3,100142542,100098644,100228447,5000,0,100300654,77449,0
239,100330702,4,4,0,100211303,4,100330702,4,100171303,100098644,100225232,5000,0,100299039,77449,0
240,100330702,0,0,0,100211303,4,100330702,4,100205182,100104614,100224007,5000,0,100299784,89558,0
241,100330702,0,0,0,100211303,4,100330702,4,100239062,100110584,100223615,5000,0,100299784,99858,0
242,100330702,0,0,0,100211303,4,100330702,4,100272942,100116554,100223223,5000,0,100299784,108864,0
243,100330702,0,0,0,100211303,4,100330702,4,100306822,100132990,100222832,5000,0,100299784,114969,0
244,100330702,0,0,0,100211303,4,100330702,4,100330702,100149425,100222440,5000,0,100299784,118509,0
245,100330702,0,0,0,100211303,4,100330702,4,100330702,100165860,100222048,5000,0,100299784,119710,0
246,100330702,0,0,0,100211303,4,100330702,4,100330702,100182296,100221657,5000,0,100299784,118644,0
247,100330702,0,0,0,100211303,4,100330702,4,100330702,100198731,100221265,5000,0,100299784,115248,0
248,100330702,0,0,0,100211303,4,100330702,4,100330702,100211891,100220873,5000,0,100299784,114536,0
249,100330702,0,0,0,100211303,4,100330702,4,100330702,100225051,100220481,5000,0,100299784,112289,0
250,100330702,0,0,0,100211303,4,100301744,4,100330702,100238211,100220090,5000,0,100299784,108409,0
251,100330702,0,0,0,100211303,4,100301744,4,100330702,100251371,100219698,5000,0,100299784,102713,0
252,100330702,0,0,0,100211303,4,100301744,4,100330702,100264532,100220823,5000,0,100299784,94874,0
253,100330702,0,0,0,100211303,4,100301744,4,100330702,100277692,100221948,5000,0,100299784,84295,0
254,100330702,0,0,0,100211303,4,100301744,4,100330702,100290852,100223073,5000,0,100299784,69742,0
255,100330702,0,0,0,100211303,4,100301744,4,100330702,100299322,100224199,5000,0,100299784,63502,0
256,100330702,0,0,0,100211303,4,100301744,4,100330702,100307792,100225324,5000,0,100299784,55295,0
257,100330702,0,0,0,100211303,4,100301744,4,100330702,100316262,100226449,5000,0,100299784,44035,0
258,100330702,0,0,0,100211303,4,100301744,4,100330702,100324732,100227574,5000,0,100299784,26022,0
259,100330702,0,0,0,100211303,4,100301744,4,100330702,100330702,100228699,5000,0,100299784,0,0
260,100330702,0,0,0,100211303,4,100301744,4,100330702,100330702,100229824,5000,0,100299784,0,0
261,100330702,0,0,0,100211303,4,100301744,4,100330702,100330702,100230950,5000,0,100299784,0,0
262,100330702,0,0,0,100211303,4,100301744,4,100330702,100330702,100232075,5000,0,100299784,0,0
263,100330702,0,0,0,100211303,4,100301744,4,100330702,100330702,100233200,5000,0,100299784,0,0
264,100330702,0,0,0,100264842,5,100301744,4,100330702,100330702,100234325,5000,0,100299784,0,0
265,100330702,0,0,0,100264842,5,100301744,4,100330702,100330702,100235450,5000,0,100299784,0,0
266,100330702,0,0,0,100264842,5,100301744,4,100330702,100330702,100236575,5000,0,100299784,0,0
267,100330702,0,0,0,100264842,5,100301744,4,100330702,100330702,100237701,5000,0,100299784,0,0
268,100330702,0,0,0,100264842,5,100301744,4,100330702,100330702,100238826,5000,0,100299784,0,0
269,100301744,3,3,0,100264842,5,100301744,1,100330702,100330702,100239951,5000,0,100299784,0,0
270,100264842,5,0,5,100221743,4,100251744,10,100324910,100329254,100240593,5000,0,100299818,6311,0
271,100264842,0,0,0,100221743,4,100251744,10,100311738,100325961,100240621,5000,0,100298836,15373,0
272,100221743,4,0,4,100211303,4,100251744,10,100298566,100322668,100240648,5000,0,100298836,20276,0
273,100221743,0,0,0,100211303,4,100251744,10,100276774,100317220,100239958,5000,0,100297141,29791,0
274,100221743,0,0,0,100211303,4,100251744,10,100254982,100311772,100239298,5000,0,100297141,36118,0
275,100221743,0,0,0,100211303,4,100251744,10,100238982,100306324,100237263,5000,0,100297141,40770,0
276,100221743,0,0,0,100211303,4,100251744,10,100230362,100300876,100237437,5000,0,100297141,44277,0
277,100221743,0,0,0,100211303,4,100251744,10,100221743,100295428,100237611,5000,0,100297141,46898,0
278,100221743,0,0,0,100211303,4,100251744,10,100221743,100289980,100237785,5000,0,100297141,48775,0
279,100221743,0,0,0,100211303,4,100251744,10,100221743,100284532,100237959,5000,0,100297141,49992,0
280,100221743,0,0,0,100211303,4,100251744,10,100221743,100279084,100238133,5000,0,100297141,50597,0
281,100221743,0,0,0,100211303,4,100251744,10,100221743,100273636,100238307,5000,0,100297141,50612,0
282,100221743,0,0,0,100211303,4,100251744,10,100221743,100268188,100238481,5000,0,100297141,50037,0
283,100221743,0,0,0,100211303,4,100251744,10,100221743,100262740,100242144,5000,0,100297141,48852,0
284,100221743,0,0,0,100211303,4,100251744,10,100221743,100257292,100245806,5000,0,100297141,47010,0
285,100221743,0,0,0,100211303,4,100251744,10,100221743,100251844,100249469,5000,0,100297141,44430,0
286,100211303,3,0,3,100211303,1,100251744,10,100221743,100246396,100253131,5000,0,100297141,40972,0
287,100211303,0,0,0,100211303,1,100251744,10,100219655,100240426,100256620,5000,0,100295749,36733,0
288,100211303,0,0,0,100211303,1,100251744,10,100217567,100234456,100259016,5000,0,100295749,30799,0
289,100251744,9,4,5,100184664,1,100251744,6,100215479,100228486,100261413,5000,0,100295749,21831,0
290,100251744,0,0,0,100184664,1,100251744,6,100221479,100225986,100264484,5000,0,100293708,15135,0
291,100251744,1,1,0,100301744,14,100330702,4,100227479,100225332,100267555,5000,0,100293708,13651,0
292,100251744,0,0,0,100301744,14,100330702,4,100235567,100224677,100270625,5000,0,100293493,11947,0
293,100251744,0,0,0,100301744,14,100330702,4,100243655,100226177,100273696,5000,0,100293493,13292,0
294,100251744,0,0,0,100301744,14,100330702,4,100251744,100227677,100276767,5000,0,100293493,14357,0
295,100251744,0,0,0,100301744,14,100330702,4,100251744,100229177,100278274,5000,0,100293493,15201,0
296,100251744,0,0,0,100301744,14,100330702,4,100251744,100230677,100279781,5000,0,100293493,15860,0
297,100251744,0,0,0,100301744,14,100330702,4,100251744,100232177,100281289,5000,0,100293493,16355,0
298,100251744,0,0,0,100301744,14,100330702,4,100251744,100233677,100282796,5000,0,100293493,16701,0
299,100348221,5,5,0,100301744,14,100348221,2,100251744,100235177,100283470,5000,0,100293493,16908,0
300,100348221,0,0,0,100301744,14,100348221,2,100271039,100241501,100283762,5000,0,100294861,29594,0
301,100348221,0,0,0,100301744,14,100348221,2,100290334,100247825,100284054,5000,0,100294861,37225,0
302,100348221,0,0,0,100301744,14,100348221,2,100309630,100254149,100284346,5000,0,100294861,42611,0
303,100348221,0,0,0,100301744,14,100348221,2,100328925,100260473,100284638,5000,0,100294861,46537,0
304,100348221,0,0,0,100301744,14,100348221,2,100348221,100266797,100284930,5000,0,100294861,49352,0
305,100348221,0,0,0,100301744,14,100348221,2,100348221,100273120,100285222,5000,0,100294861,51241,0
306,100348221,0,0,0,100301744,14,100348221,2,100348221,100279444,100285514,5000,0,100294861,52304,0
307,100354206,7,3,4,100301744,10,100354206,11,100348221,100286290,100285806,5000,0,100294861,51896,0
308,100301744,4,0,4,100301744,6,100354206,11,100349418,100293435,100286198,5000,0,100296868,50907,0
309,100301744,0,0,0,100301744,6,100354206,11,100340122,100297957,100285715,5000,0,100296960,47300,0
310,100301744,3,0,3,100301744,3,100354206,11,100330827,100300457,100285232,5000,0,100296960,46097,0
311,100301744,0,0,0,100301744,3,100354206,11,100321531,100302957,100284750,5000,0,100297027,44723,0
312,100301744,0,0,0,100301744,3,100354206,11,100312236,100305457,100284267,5000,0,100297027,43160,0
313,100301744,3,0,3,100245830,4,100251744,12,100301744,100307957,100283785,5000,0,100297027,41388,0
314,100301744,0,0,0,100245830,4,100251744,12,100301744,100310457,100283302,5000,0,100297092,39379,0
315,100301744,0,0,0,100245830,4,100251744,12,100301744,100312957,100282819,5000,0,100297092,37093,0
316,100301744,0,0,0,100245830,4,100251744,12,100301744,100315457,100282337,5000,0,100297092,34475,0
317,100301744,0,0,0,100245830,4,100251744,12,100301744,100317957,100281854,5000,0,100297092,31444,0
318,100301744,0,0,0,100245830,4,100251744,12,100301744,100320457,100281371,5000,0,100297092,27864,0
319,100301744,0,0,0,100245830,4,100251744,12,100301744,100322957,100280889,5000,0,100297092,23486,0
320,100301744,0,0,0,100245830,4,100251744,12,100301744,100320634,100280406,5000,0,100297092,23169,0
321,100301744,0,0,0,100245830,4,100251744,12,100301744,100318310,100279924,5000,0,100297092,22609,0
322,100301744,0,0,0,100245830,4,100251744,12,100301744,100315986,100279441,5000,0,100297092,21789,0
323,100301744,0,0,0,100245830,4,100251744,12,100301744,100313662,100278958,5000,0,100297092,20678,0
324,100301744,0,0,0,100245830,4,100251744,12,100301744,100311338,100278476,5000,0,100297092,19224,0
325,100301744,0,0,0,100245830,4,100251744,12,100301744,100309014,100277993,5000,0,100297092,17342,0
326,100301744,0,0,0,100245830,4,100251744,12,100301744,100306690,100277510,5000,0,100297092,14870,0
327,100301744,0,0,0,100245830,4,100251744,12,100301744,100304367,100277028,5000,0,100297092,11433,0
328,100301744,0,0,0,100245830,4,100251744,12,100301744,100301744,100276545,5000,0,100297092,0,0
329,100301744,0,0,0,100245830,4,100251744,12,100301744,100301744,100276062,5000,0,100297092,0,0
330,100245830,3,0,3,100245830,1,100251744,12,100301744,100301744,100276062,5000,0,100297092,0,0
331,100245830,1,0,1,100184664,1,100195830,14,100290561,100298948,100275746,5000,0,100296393,12186,0
332,100245830,0,0,0,100184664,1,100195830,14,100279378,100296152,100275429,5000,0,100296165,16774,0
333,100245830,0,0,0,100184664,1,100195830,14,100268195,100293356,100275830,5000,0,100296165,19965,0
334,100195830,3,3,0,100189562,5,100195830,11,100257012,100290561,100276232,5000,0,100296165,22365,0
335,100195830,0,0,0,100189562,5,100195830,11,100235830,100285265,100275800,5000,0,100294821,30242,0
336,100195830,0,0,0,100189562,5,100195830,11,100225830,100279969,100275368,5000,0,100294821,35678,0
337,100195830,0,0,0,100189562,5,100195830,11,100215830,100274674,100274936,5000,0,100294821,39688,0
338,100195830,0,0,0,100189562,5,100195830,11,100205830,100269378,100274504,5000,0,100294821,42676,0
339,100195830,0,0,0,100189562,5,100195830,11,100195830,100264082,100274072,5000,0,100294821,44848,0
340,100195830,0,0,0,100189562,5,100195830,11,100195830,100258787,100273640,5000,0,100294821,46317,0
341,100195830,0,0,0,100189562,5,100195830,11,100195830,100253491,100273208,5000,0,100294821,47150,0
342,100195830,0,0,0,100189562,5,100195830,11,100195830,100248195,100272777,5000,0,100294821,47380,0
343,100195830,0,0,0,100189562,5,100195830,11,100195830,100242899,100272345,5000,0,100294821,47017,0
344,100195830,0,0,0,100189562,5,100195830,11,100195830,100237604,100271913,5000,0,100294821,46046,0
345,100195830,0,0,0,100189562,5,100195830,11,100195830,100232308,100271481,5000,0,100294821,44427,0
346,100195830,0,0,0,100189562,5,100195830,11,100195830,100227012,100271049,5000,0,100294821,42085,0
347,100195830,0,0,0,100189562,5,100195830,11,100195830,100221717,100270791,5000,0,100294821,38891,0
348,100195830,0,0,0,100189562,5,100195830,11,100195830,100216421,100270533,5000,0,100294821,34608,0
349,100195830,0,0,0,100189562,5,100195830,11,100195830,100211125,100270275,5000,0,100294821,28756,0
350,100195830,8,5,3,100189562,2,100195830,6,100195830,100205830,100269343,5000,0,100294821,20000,0
351,100195830,0,0,0,100189562,2,100195830,6,100195830,100203330,100268412,5000,0,100291407,17853,0
352,100170403,4,0,4,100170403,10,100195830,6,100195830,100200830,100267480,5000,0,100291407,15000,0
353,100170403,0,0,0,100170403,10,100195830,6,100190744,100197058,100266124,5000,0,100289356,12482,0
354,100170403,0,0,0,100170403,10,100195830,6,100185659,100193287,100264768,5000,0,100289356,7628,0
355,100170403,0,0,0,100170403,10,100195830,6,100180573,100192015,100263413,5000,0,100289356,9079,0
356,100170403,0,0,0,100170403,10,100195830,6,100175488,100190744,100262057,5000,0,100289356,10170,0
357,100170403,0,0,0,100170403,10,100195830,6,100170403,100189473,100260701,5000,0,100289356,11010,0
358,100141581,3,0,3,100128143,4,100195830,6,100170403,100188201,100259346,5000,0,100289356,11652,0
359,100141581,0,0,0,100128143,4,100195830,6,100164638,100185489,100257510,5000,0,100287502,15302,0
360,99885717,5,1,4,99947778,0,100195830,6,100158874,100182777,100254066,5000,0,100287502,17829,0
361,99885717,0,0,0,99947778,0,100004520,0,100101937,100167271,100246357,5000,0,100279268,66941,0
362,99885717,0,0,0,99947778,0,100004520,0,100044999,100151765,100238649,5000,0,100279268,90352,0
363,99864912,4,0,4,99864912,2,100004520,0,99988062,100136260,100230940,5000,0,100279268,106607,0
364,99864912,0,0,0,99864912,2,99983715,0,99932728,100119714,100222885,5000,0,100272585,120811,0
365,99864912,0,0,0,99864912,2,99983715,0,99877395,100103168,100214830,5000,0,100272585,131446,0
366,99864912,0,0,0,99864912,2,99983715,0,99873234,100086622,100206775,5000,0,100272585,139332,0
367,99864912,0,0,0,99864912,2,99983715,0,99869073,100070076,100198720,5000,0,100272585,144917,0
368,99864912,0,0,0,99864912,2,99983715,12,99864912,100053530,100190565,5000,0,100272585,148463,0
369,99864912,0,0,0,99864912,2,99983715,0,99864912,100036984,100183284,5000,0,100272585,150113,0
370,99790579,4,1,3,99885855,2,99983715,0,99864912,100020438,100176004,5000,0,100272585,149930,0
371,99790579,0,0,0,99885855,2,99909382,0,99850045,100000176,100167484,5000,0,100264934,152223,0
372,99790579,0,0,0,99885855,2,99909382,0,99835178,99979913,100158965,5000,0,100264934,151802,0
373,99790579,0,0,0,99885855,2,99909382,0,99820312,99960922,100150446,5000,0,100264934,150537,0
374,99790579,0,0,0,99885855,2,99909382,0,99805445,99941931,100141926,5000,0,100264934,146824,0
375,99790579,0,0,0,99885855,2,99909382,0,99790579,99922940,100133407,5000,0,100264934,140471,0
376,99790579,0,0,0,99885855,2,99909382,0,99790579,99903948,100124887,5000,0,100264934,131094,0
377,99790579,0,0,0,99885855,2,99909382,0,99790579,99884957,100116368,5000,0,100264934,117973,0
378,99790579,0,0,0,99885855,2,99909382,0,99790579,99865966,100107848,5000,0,100264934,99642,0
379,99790579,0,0,0,99885855,2,99909382,0,99790579,99848416,100099329,5000,0,100264934,78144,0
380,99790579,0,0,0,99885855,2,99909382,0,99790579,99830866,100090810,5000,0,100264934,40847,0
381,99790579,0,0,0,99885855,2,99909382,0,99790579,99826109,100082290,5000,0,100264934,39706,0
382,99790579,0,0,0,99885855,2,99909382,0,99790579,99821352,100073771,5000,0,100264934,37940,0
383,99790579,0,0,0,99885855,2,99909382,0,99790579,99816595,100065251,5000,0,100264934,35454,0
384,99790579,0,0,0,99885855,2,99909382,12,99790579,99812878,100056732,5000,0,100264934,34063,0
385,99790579,0,0,0,99885855,2,99909382,12,99790579,99809162,100048213,5000,0,100264934,32187,0
386,99790579,0,0,0,99885855,2,99909382,0,99790579,99805445,100039693,5000,0,100264934,29733,0
387,99790579,0,0,0,99885855,2,99909382,0,99790579,99801728,100031174,5000,0,100264934,26542,0
388,99790579,0,0,0,99885855,2,99909382,0,99790579,99798012,100022654,5000,0,100264934,22299,0
389,99629783,4,0,4,99629783,2,99909382,0,99790579,99794295,100014135,5000,0,100264934,16200,0
390,99629783,0,0,0,99629783,2,99748586,0,99758419,99782539,100002935,5000,0,100255010,35044,0
391,99629783,0,0,0,99629783,2,99748586,0,99726260,99774499,99992668,5000,0,100255010,48238,0
392,99629783,2,0,2,99478422,4,99483635,2,99694101,99766459,99982401,5000,0,100255010,57415,0
393,99629783,0,0,0,99478422,4,99483635,2,99661942,99758419,99972133,5000,0,100250163,64318,0
394,99629783,0,0,0,99478422,4,99483635,2,99629783,99750380,99961866,5000,0,100250163,69626,0
395,99629783,0,0,0,99478422,4,99483635,2,99629783,99742340,99952432,5000,0,100250163,73685,0
396,99629783,0,0,0,99478422,4,99483635,2,99629783,99734300,99942997,5000,0,100250163,76694,0
397,99483635,2,2,0,99709661,2,99748586,0,99629783,99726260,99933563,5000,0,100250163,78773,0
398,99709661,2,0,2,99478422,4,99602438,0,99600553,99710913,99921693,5000,0,100244267,93307,0
399,99709661,0,0,0,99520858,0,99602438,0,99616529,99706867,99913591,5000,0,100240186,91502,0
400,99480234,3,3,0,99520858,0,99602438,0,99632504,99702821,99905488,5000,0,100240186,89477,0
401,99480234,0,0,0,99520858,0,99594037,0,99602594,99687304,99893561,5000,0,100231583,99285,0
402,99480234,0,0,0,99520858,0,99594037,0,99572685,99671787,99881635,5000,0,100231583,105960,0
403,99480234,0,0,0,99520858,0,99594037,0,99572004,99656269,99869708,5000,0,100231583,110071,0
404,99480234,0,0,0,99520858,0,99594037,0,99526119,99640752,99857781,5000,0,100231583,111903,0
405,99480234,0,0,0,99520858,0,99594037,0,99480234,99625235,99845855,5000,0,100231583,111568,0
406,99480234,0,0,0,99520858,0,99594037,0,99480234,99609718,99833928,5000,0,100231583,109046,0
407,99480234,0,0,0,99520858,0,99594037,0,99480234,99594200,99822002,5000,0,100231583,104178,0
408,99480234,0,0,0,99520858,0,99577612,3,99480234,99578683,99810075,5000,0,100231583,96610,0
409,99480234,0,0,0,99520858,0,99559694,3,99480234,99563166,99798148,5000,0,100231583,85629,0
410,99480234,0,0,0,99520858,0,99559694,3,99480234,99555688,99786222,5000,0,100231583,86014,0
411,99480234,0,0,0,99520858,0,99559694,3,99480234,99548211,99774295,5000,0,100231583,85748,0
412,99480234,0,0,0,99520858,0,99559694,3,99480234,99540734,99762369,5000,0,100231583,84824,0
413,99480234,0,0,0,99520858,0,99559694,3,99480234,99533256,99750866,5000,0,100231583,83221,0
414,99480234,0,0,0,99520858,0,99559694,3,99480234,99525779,99739363,5000,0,100231583,80898,0
415,99480234,0,0,0,99520858,0,99559694,3,99480234,99518301,99727860,5000,0,100231583,77792,0
416,99480234,0,0,0,99520858,0,99530991,4,99480234,99510824,99716357,5000,0,100231583,73802,0
417,99480234,0,0,0,99520858,0,99530991,4,99480234,99503346,99704855,5000,0,100231583,68775,0
418,99480234,0,0,0,99520858,0,99530991,4,99480234,99503176,99693352,5000,0,100231583,68828,0
419,99480234,0,0,0,99520858,0,99530991,4,99480234,99491705,99682329,5000,0,100231583,50002,0
420,99480234,0,0,0,99520858,0,99530991,4,99480234,99480234,99671307,5000,0,100231583,0,0
421,99480234,0,0,0,99478422,4,99520020,3,99480234,99480234,99664549,5000,0,100231583,0,0
422,99480234,0,0,0,99478422,4,99520020,3,99480234,99480234,99657791,5000,0,100231583,0,0
423,99480234,0,0,0,99478422,4,99520020,3,99480234,99480234,99651033,5000,0,100231583,0,0
424,99480234,0,0,0,99478422,4,99520020,3,99480234,99480234,99644621,5000,0,100231583,0,0
425,99480234,0,0,0,99478422,4,99520020,3,99480234,99480234,99638210,5000,0,100231583,0,0
426,99480234,0,0,0,99478422,4,99520020,3,99480234,99480234,99631799,5000,0,100231583,0,0
427,99480234,0,0,0,99478422,4,99520020,3,99480234,99480234,99625387,5000,0,100231583,0,0
428,99530991,5,5,0,99478422,4,99530991,2,99480234,99480234,99618976,5000,0,100231583,0,0
429,99530991,2,2,0,99580991,13,99594037,0,99490385,99482771,99613411,5000,0,100218609,11062,0
430,99530991,0,0,0,99580991,13,99594037,0,99500536,99485309,99607845,5000,0,100213553,15227,0
431,99530991,0,0,0,99580991,13,99594037,0,99510688,99487847,99603519,5000,0,100213553,18123,0
432,99530991,0,0,0,99580991,13,99594037,0,99520839,99490385,99599193,5000,0,100213553,20302,0
433,99530991,0,0,0,99580991,13,99594037,0,99530991,99492923,99594866,5000,0,100213553,21978,0
434,99530991,0,0,0,99580991,13,99594037,0,99530991,99495461,99590540,5000,0,100213553,23259,0
435,99530991,0,0,0,99580991,13,99594037,0,99530991,99497998,99586213,5000,0,100213553,24209,0
436,99530991,0,0,0,99580991,13,99594037,0,99530991,99500536,99581887,5000,0,100213553,24865,0
437,99530991,0,0,0,99580991,13,99594037,0,99530991,99503074,99577560,5000,0,100213553,25251,0
438,99598318,3,3,0,99602719,1,99614220,4,99530991,99505612,99573234,5000,0,100213553,25378,0
439,99580991,5,0,5,99580991,9,99614220,4,99544456,99511516,99570029,5000,0,100206841,31728,0
440,99580991,0,0,0,99580991,9,99614220,4,99554456,99516554,99566536,5000,0,100195665,34259,0
441,99775347,4,4,0,99580991,9,99775347,4,99564456,99521592,99563043,5000,0,100195665,35916,0
442,99775347,0,0,0,99580991,9,99775347,4,99613327,99536348,99562789,5000,0,100189745,64856,0
443,99775347,0,0,0,99580991,9,99775347,4,99662198,99551103,99562535,5000,0,100189745,81775,0
444,99945070,5,4,1,99580991,9,99889150,0,99697604,99565859,99562281,5000,0,100189745,93448,0
445,99945070,0,0,0,99746267,0,99889150,0,99770420,99589101,99564856,5000,0,100185512,122539,0
446,99945070,0,0,0,99746267,0,99889150,0,99843236,99612342,99567431,5000,0,100185512,142192,0
447,99945070,0,0,0,99746267,0,99889150,0,99877180,99635584,99570006,5000,0,100185512,156016,0
448,99945070,0,0,0,99746267,0,99889150,0,99911125,99658826,99572581,5000,0,100185512,165479,0
449,99945070,0,0,0,99746267,0,99889150,0,99945070,99679530,99575156,5000,0,100185512,173880,0
450,99945070,0,0,0,99746267,0,99889150,0,99945070,99700234,99580411,5000,0,100185512,179522,0
451,99945070,0,0,0,99746267,0,99889150,0,99945070,99720938,99585665,5000,0,100185512,182659,0
452,99945070,0,0,0,99792585,3,99889150,0,99945070,99741642,99590920,5000,0,100185512,183422,0
453,99945070,0,0,0,99792585,3,99889150,0,99945070,99762346,99596175,5000,0,100185512,181839,0
454,99945070,0,0,0,99792585,3,99889150,0,99945070,99783050,99601430,5000,0,100185512,177848,0
455,99945070,0,0,0,99792585,3,99889150,0,99945070,99803754,99606684,5000,0,100185512,171280,0
456,99945070,0,0,0,99792585,3,99889150,0,99945070,99824458,99611939,5000,0,100185512,161824,0
457,99945070,0,0,0,99792585,3,99889150,0,99945070,99845162,99617194,5000,0,100185512,148928,0
458,99945070,0,0,0,99792585,3,99889150,0,99945070,99865866,99624885,5000,0,100185512,131585,0
459,99727529,5,2,3,99746267,0,99889150,0,99945070,99883203,99628808,5000,0,100185512,117255,0
460,99727529,0,0,0,99580991,9,99685523,5,99901561,99890530,99629106,5000,0,100177723,101686,0
461,99727529,0,0,0,99580991,9,99677529,15,99858053,99897857,99633227,5000,0,100177723,82609,0
462,99727529,0,0,0,99580991,9,99677529,15,99814545,99895466,99637349,5000,0,100177723,86710,0
463,99727529,0,0,0,99580991,9,99677529,15,99771037,99893075,99641471,5000,0,100177723,90563,0
464,99727529,0,0,0,99580991,9,99677529,15,99727529,99890684,99645592,5000,0,100177723,94198,0
465,99727529,0,0,0,99580991,9,99677529,15,99727529,99879807,99649714,5000,0,100177723,99689,0
466,99727529,0,0,0,99580991,9,99677529,15,99727529,99868930,99653835,5000,0,100177723,103760,0
467,99580991,4,0,4,99580991,5,99677529,15,99727529,99858053,99657957,5000,0,100177723,106572,0
468,99580991,0,0,0,99580991,5,99677529,15,99698221,99839849,99659636,5000,0,100169713,120357,0
469,99580991,0,0,0,99580991,5,99677529,15,99668913,99821645,99661316,5000,0,100169713,130197,0
470,99580991,0,0,0,99580991,5,99677529,15,99639606,99803441,99662995,5000,0,100169713,136945,0
471,99580991,4,0,4,99580991,1,99677529,15,99610298,99785237,99664674,5000,0,100169713,141046,0
472,99580991,0,0,0,99580991,1,99677529,15,99580991,99767033,99666353,5000,0,100161916,142727,0
473,99677529,3,3,0,99580991,1,99677529,12,99580991,99748829,99668033,5000,0,100161916,142075,0
474,99677529,0,0,0,99580991,1,99677529,12,99600298,99735452,99671321,5000,0,100157151,135407,0
475,99677529,0,0,0,99580991,1,99677529,12,99619606,99722075,99674609,5000,0,100157151,126992,0
476,99677529,3,3,0,99580991,1,99677529,9,99638913,99708698,99677897,5000,0,100157151,116451,0
477,99677529,0,0,0,99580991,1,99677529,9,99658221,99695321,99681186,5000,0,100152480,103136,0
478,99677529,0,0,0,99580991,1,99677529,9,99677529,99681944,99684474,5000,0,100152480,85762,0
479,99727233,12,12,0,99727529,3,99786332,0,99677529,99668567,99687762,5000,0,100152480,60955,0
480,99727233,0,0,0,99727529,3,99786332,0,99687469,99668552,99691879,5000,0,100136533,60941,0
481,99727233,0,0,0,99727529,3,99786332,0,99697410,99668538,99695995,5000,0,100136533,60926,0
482,99727233,0,0,0,99747805,4,99786332,0,99707351,99668523,99700112,5000,0,100136533,60912,0
483,99727233,0,0,0,99747805,4,99786332,0,99717292,99668508,99704229,5000,0,100136533,60898,0
484,99727233,0,0,0,99747805,4,99786332,0,99727233,99668493,99708345,5000,0,100136533,60883,0
485,99727233,0,0,0,99747805,4,99786332,0,99727233,99668478,99712462,5000,0,100136533,60869,0
486,99727233,0,0,0,99747805,4,99786332,0,99727233,99668464,99716579,5000,0,100136533,60855,0
487,99747805,3,0,3,99747805,1,99786332,0,99727233,99668449,99720695,5000,0,100136533,60841,0
488,99747805,0,0,0,99747805,1,99786332,0,99731347,99676789,99725155,5000,0,100132922,59703,0
489,99747805,0,0,0,99747805,1,99786332,0,99735461,99685130,99728768,5000,0,100132922,57342,0
490,99747805,0,0,0,99747805,1,99786332,0,99739576,99693471,99732382,5000,0,100132922,53598,0
491,99747805,0,0,0,99747805,1,99786332,0,99743690,99701812,99735996,5000,0,100132922,48148,0
492,99747805,0,0,0,99747805,1,99786332,0,99747805,99710152,99739609,5000,0,100132922,40305,0
493,99747805,0,0,0,99747805,1,99786332,0,99747805,99718493,99743223,5000,0,100132922,28137,0
494,99747805,0,0,0,99747805,1,99786332,0,99747805,99722007,99746836,5000,0,100132922,27174,0
495,99727529,7,4,3,99710456,4,99856608,12,99747805,99725521,99750450,5000,0,100132922,25699,0
496,99727529,0,0,0,99710456,4,99836332,0,99743749,99728021,99753725,5000,0,100124323,23221,0
497,99727529,0,0,0,99710456,4,99836332,0,99739694,99730521,99757001,5000,0,100124323,20137,0
498,99727529,0,0,0,99710456,4,99836332,0,99735639,99733021,99760277,5000,0,100124323,16103,0
499,99727529,0,0,0,99580991,1,99677529,15,99731584,99735521,99762430,5000,0,100124323,10030,0
500,99572782,4,0,4,99572782,12,99677529,15,99727529,99735535,99764873,5000,0,100124323,10018,0
501,99572782,0,0,0,99572782,12,99677529,15,99696579,99727813,99764736,5000,0,100117718,36901,0
502,99545463,3,0,3,99539002,0,99677529,15,99665630,99720090,99761360,5000,0,100117718,50038,0
503,99545463,0,0,0,99539002,0,99654266,0,99629217,99711002,99757528,5000,0,100112623,62796,0
504,99545463,0,0,0,99539002,0,99654266,0,99592803,99701913,99753697,5000,0,100112623,72234,0
505,99545463,0,0,0,99539002,0,99654266,0,99556390,99692825,99747037,5000,0,100112623,79542,0
506,99545463,0,0,0,99539002,0,99654266,0,99550926,99683736,99740377,5000,0,100112623,85269,0
507,99545463,0,0,0,99539002,0,99654266,0,99545463,99674648,99733717,5000,0,100112623,89720,0
508,99545463,0,0,0,99539002,0,99654266,0,99545463,99664531,99727056,5000,0,100112623,92272,0
509,99545463,0,0,0,99539002,0,99654266,0,99545463,99654414,99720396,5000,0,100112623,93669,0
510,99545463,0,0,0,99539002,0,99654266,0,99545463,99644296,99713736,5000,0,100112623,93963,0
511,99545463,0,0,0,99539002,0,99654266,0,99545463,99634179,99707076,5000,0,100112623,93163,0
512,99545463,0,0,0,99539002,0,99654266,0,99545463,99624062,99700416,5000,0,100112623,91241,0
513,99545463,0,0,0,99539002,0,99654266,0,99545463,99613945,99693756,5000,0,100112623,88124,0
514,99677529,4,4,0,99539002,0,99677529,11,99545463,99603828,99687096,5000,0,100112623,83679,0
515,99677529,0,0,0,99593688,3,99677529,11,99571876,99600314,99682637,5000,0,100107520,78898,0
516,99677529,6,6,0,99727529,9,99786332,0,99598289,99597814,99678178,5000,0,100107520,75549,0
517,99677529,0,0,0,99727529,9,99786332,0,99624702,99595314,99673719,5000,0,100100085,71957,0
518,99677529,0,0,0,99727529,9,99786332,0,99651115,99592814,99669260,5000,0,100100085,68084,0
519,99677529,0,0,0,99727529,9,99786332,0,99677529,99590314,99664801,5000,0,100100085,63880,0
520,99677529,0,0,0,99727529,9,99786332,0,99677529,99587814,99663967,5000,0,100100085,59273,0
521,99677529,0,0,0,99727529,9,99786332,0,99677529,99593052,99663134,5000,0,100100085,62266,0
522,99677529,0,0,0,99727529,9,99786332,0,99677529,99598289,99662301,5000,0,100100085,64698,0
523,99727529,5,0,5,99727529,4,99786332,0,99677529,99604892,99661467,5000,0,100100085,65702,0
524,99727529,0,0,0,99727529,4,99786332,0,99687529,99613996,99661467,5000,0,100094793,69348,0
525,99727529,0,0,0,99774417,4,99786332,0,99697529,99623099,99661467,5000,0,100094793,71666,0
526,99727529,0,0,0,99774417,4,99786332,0,99707529,99632202,99661467,5000,0,100094793,72781,0
527,99727529,0,0,0,99774417,4,99786332,0,99717529,99641305,99661467,5000,0,100094793,72748,0
528,99727529,0,0,0,99774417,4,99786332,0,99727529,99650409,99663910,5000,0,100094793,71567,0
529,99774417,4,0,4,99727529,4,99786332,0,99727529,99659512,99666352,5000,0,100094793,69179,0
530,99774417,0,0,0,99727529,4,99759306,3,99736906,99670960,99669576,5000,0,100091193,68297,0
531,99774417,0,0,0,99727529,4,99759306,3,99746284,99682407,99672799,5000,0,100091193,65430,0
532,99774417,0,0,0,99727529,4,99759306,3,99755661,99693855,99676023,5000,0,100091193,60296,0
533,99774417,0,0,0,99727529,4,99759306,3,99765039,99705303,99679247,5000,0,100091193,52231,0
534,99774417,0,0,0,99727529,4,99759306,3,99774417,99716751,99680862,5000,0,100091193,39477,0
535,99774417,0,0,0,99727529,4,99759306,3,99774417,99721595,99682477,5000,0,100091193,40303,0
536,99774417,0,0,0,99727529,4,99759306,3,99774417,99726439,99684091,5000,0,100091193,40537,0
537,99759306,3,3,0,99727529,4,99786332,0,99774417,99731284,99685706,5000,0,100091193,40190,0
538,99727529,3,0,3,99727529,1,99786332,0,99771394,99735373,99687069,5000,0,100088420,38643,0
539,99727529,0,0,0,99727529,1,99786332,0,99762017,99737873,99687902,5000,0,100085429,36371,0
540,99727529,0,0,0,99727529,1,99786332,0,99752639,99740373,99687907,5000,0,100085429,33762,0
541,99727529,0,0,0,99727529,1,99786332,0,99743262,99742873,99687912,5000,0,100085429,30731,0
542,99525190,4,0,4,99525190,2,99677529,15,99733884,99745373,99687917,5000,0,100085429,27138,0
543,99525190,0,0,0,99525190,2,99633993,0,99687061,99737756,99684550,5000,0,100079306,53594,0
544,99525190,0,0,0,99525190,2,99633993,0,99646593,99727639,99681182,5000,0,100079306,70880,0
545,99525190,0,0,0,99525190,2,99633993,12,99606125,99717522,99677815,5000,0,100079306,83491,0
546,99525190,0,0,0,99525190,2,99633993,0,99565657,99707405,99674448,5000,0,100079306,93344,0
547,99525190,0,0,0,99525190,2,99633993,0,99525190,99697288,99671080,5000,0,100079306,101245,0
548,99525190,0,0,0,99528623,4,99633993,0,99525190,99687171,99667370,5000,0,100079306,107626,0
549,99525190,0,0,0,99528623,4,99633993,0,99525190,99677054,99663660,5000,0,100079306,112745,0
550,99525190,0,0,0,99528623,4,99633993,0,99525190,99664593,99659950,5000,0,100079306,115045,0
551,99677529,3,3,0,99528623,4,99633993,12,99525190,99652131,99656239,5000,0,100079306,115968,0
552,99677529,0,0,0,99528623,4,99633993,0,99555657,99647287,99655068,5000,0,100076039,112738,0
553,99677529,0,0,0,99528623,4,99552557,3,99586125,99642442,99653897,5000,0,100076039,109197,0
554,99677529,0,0,0,99528623,4,99552557,3,99616593,99637598,99652726,5000,0,100076039,105314,0
555,99677529,15,15,0,99639677,4,99728317,3,99647061,99632754,99651554,5000,0,100076039,101052,0
556,99677529,0,0,0,99639677,4,99728317,3,99677529,99627909,99650721,5000,0,100060473,96358,0
557,99677529,0,0,0,99639677,4,99728317,3,99677529,99623065,99649888,5000,0,100060473,91166,0
558,99677529,0,0,0,99639677,4,99728317,3,99677529,99618976,99649054,5000,0,100060473,86688,0
559,99639677,3,0,3,99639677,1,99728317,3,99677529,99616476,99648221,5000,0,100060473,84206,0
560,99639677,0,0,0,99639677,1,99728317,3,99669958,99612083,99646757,5000,0,100057211,80509,0
561,99639677,0,0,0,99639677,1,99728317,3,99662388,99607691,99647872,5000,0,100057211,76381,0
562,99639677,0,0,0,99639677,1,99728317,3,99654817,99603298,99648987,5000,0,100057211,71749,0
563,99639677,0,0,0,99639677,1,99728317,3,99647247,99609023,99650557,5000,0,100057211,69830,0
564,99639677,0,0,0,99639677,1,99728317,3,99639677,99614747,99652127,5000,0,100057211,67373,0
565,99639677,1,0,1,99528623,4,99634864,4,99639677,99620471,99653697,5000,0,100057211,64315,0
566,99639677,0,0,0,99528623,4,99634864,4,99639677,99626196,99655267,5000,0,100056134,60565,0
567,99639677,0,0,0,99528623,4,99634864,4,99639677,99631920,99656838,5000,0,100056134,55985,0
568,99639677,0,0,0,99528623,4,99593015,3,99639677,99637644,99658408,5000,0,100056134,50349,0
569,99639677,0,0,0,99528623,4,99589677,15,99639677,99643369,99659978,5000,0,100056134,43245,0
570,99639677,0,0,0,99528623,4,99589677,15,99639677,99649093,99661548,5000,0,100056134,33760,0
571,99639677,0,0,0,99528623,4,99589677,15,99639677,99654817,99663119,5000,0,100056134,18543,0
572,99639677,0,0,0,99528623,4,99589677,15,99639677,99652925,99664689,5000,0,100056134,18054,0
573,99639677,0,0,0,99528623,4,99589677,15,99639677,99651032,99666259,5000,0,100056134,17345,0
574,99639677,0,0,0,99528623,4,99589677,15,99639677,99649140,99667829,5000,0,100056134,16390,0
575,99639677,0,0,0,99528623,4,99589677,15,99639677,99647247,99667198,5000,0,100056134,15140,0
576,99639677,0,0,0,99528623,4,99589677,15,99639677,99645354,99666568,5000,0,100056134,13515,0
577,99639677,0,0,0,99528623,4,99589677,15,99639677,99643462,99665937,5000,0,100056134,11355,0
578,99639677,0,0,0,99565361,4,99589677,15,99639677,99641569,99665306,5000,0,100056134,8249,0
579,99639677,0,0,0,99565361,4,99589677,15,99639677,99639677,99664675,5000,0,100056134,0,0
580,99639677,0,0,0,99565361,4,99589677,15,99639677,99639677,99664044,5000,0,100056134,0,0
581,99639677,0,0,0,99565361,4,99589677,15,99639677,99639677,99663413,5000,0,100056134,0,0
582,99639677,0,0,0,99565361,4,99589677,15,99639677,99639677,99662782,5000,0,100056134,0,0
583,99639677,0,0,0,99565361,4,99589677,15,99639677,99639677,99662152,5000,0,100056134,0,0
584,99639677,0,0,0,99565361,4,99589677,15,99639677,99639677,99660687,5000,0,100056134,0,0
585,99639677,0,0,0,99565361,4,99589677,15,99639677,99639677,99659223,5000,0,100056134,0,0
586,99639677,0,0,0,99565361,4,99589677,15,99639677,99639677,99657759,5000,0,100056134,0,0
587,99639677,0,0,0,99565361,4,99589677,15,99639677,99639677,99656295,5000,0,100056134,0,0
588,99639677,0,0,0,99565361,4,99589677,15,99639677,99639677,99654831,5000,0,100056134,0,0
589,99565361,4,0,4,99528623,4,99589677,15,99639677,99639677,99653366,5000,0,100056134,0,0
590,99517775,10,0,10,99497956,5,99515361,5,99624813,99635961,99649882,5000,0,100051127,16196,0
591,99517775,0,0,0,99497956,5,99515361,5,99600433,99629866,99645605,5000,0,100037859,30379,0
592,99517775,0,0,0,99497956,5,99515361,5,99576053,99623771,99641327,5000,0,100037859,38847,0
593,99517775,0,0,0,99497956,5,99515361,5,99551672,99617675,99637050,5000,0,100037859,44956,0
594,99517775,0,0,0,99497956,5,99515361,5,99527292,99611580,99632773,5000,0,100037859,49585,0
595,99517775,0,0,0,99497956,5,99515361,5,99517775,99605485,99628495,5000,0,100037859,53123,0
596,99517775,0,0,0,99497956,5,99515361,5,99517775,99599390,99624218,5000,0,100037859,55777,0
597,99517775,0,0,0,99497956,5,99515361,5,99517775,99593295,99619941,5000,0,100037859,57670,0
598,99517775,0,0,0,99497956,5,99515361,5,99517775,99587200,99615915,5000,0,100037859,58876,0
599,99517775,0,0,0,99497956,5,99515361,5,99517775,99581105,99612419,5000,0,100037859,59435,0
600,99517775,0,0,0,99497956,5,99515361,5,99517775,99575010,99608923,5000,0,100037859,59366,0
601,99517775,0,0,0,99497956,5,99515361,5,99517775,99568915,99605427,5000,0,100037859,58668,0
602,99517775,0,0,0,99497956,5,99515361,5,99517775,99562820,99601931,5000,0,100037859,57316,0
603,99517775,0,0,0,99497956,5,99515361,5,99517775,99556724,99601808,5000,0,100037859,55264,0
604,99517775,0,0,0,99497956,5,99515361,5,99517775,99550629,99601684,5000,0,100037859,52429,0
605,99517775,0,0,0,99497956,5,99515361,5,99517775,99544534,99601561,5000,0,100037859,48674,0
606,99517775,0,0,0,99497956,5,99515361,5,99517775,99538439,99601437,5000,0,100037859,43763,0
607,99517775,0,0,0,99497956,5,99515361,5,99517775,99532344,99601313,5000,0,100037859,37241,0
608,99478220,7,0,7,99468726,0,99515361,5,99517775,99526249,99601190,5000,0,100037859,28007,0
609,99478220,0,0,0,99468726,0,99515361,5,99509864,99518176,99600407,5000,0,100028281,13830,0
610,99478220,0,0,0,99468726,0,99515361,5,99501953,99513819,99599624,5000,0,100028281,11866,0
611,99435936,4,0,4,99347122,0,99347606,1,99494042,99511841,99598841,5000,0,100028281,14123,0
612,99435936,0,0,0,99347122,0,99347606,1,99477674,99507749,99594815,5000,0,100022544,21657,0
613,99435936,0,0,0,99347122,0,99347606,1,99461306,99503657,99590788,5000,0,100022544,26554,0
614,99435936,0,0,0,99347122,0,99347606,1,99452849,99499565,99586762,5000,0,100022544,30129,0
615,99435936,0,0,0,99347122,0,99347606,1,99444392,99495473,99582735,5000,0,100022544,32815,0
616,99515361,4,4,0,99347122,0,99515361,2,99435936,99491382,99578709,5000,0,100022544,34821,0
617,99515361,0,0,0,99347122,0,99515361,2,99451821,99491261,99576006,5000,0,100017679,34733,0
618,99515361,0,0,0,99347122,0,99515361,2,99467706,99491140,99573303,5000,0,100017679,34645,0
619,99515361,0,0,0,99347122,0,99515361,2,99483591,99491019,99570600,5000,0,100017679,34556,0
620,99515361,2,2,0,99565361,13,99587023,0,99499476,99490899,99568528,5000,0,100017679,34466,0
621,99515361,0,0,0,99565361,13,99587023,0,99515361,99490778,99566456,5000,0,100015281,34376,0
622,99565361,4,0,4,99565361,9,99587023,0,99515361,99490657,99564384,5000,0,100015281,34285,0
623,99565361,0,0,0,99565361,9,99587023,0,99525361,99493037,99563146,5000,0,100011027,37577,0
624,99565361,0,0,0,99565361,9,99587023,0,99535361,99495416,99561907,5000,0,100011027,40464,0
625,99565361,0,0,0,99565361,9,99587023,0,99545361,99497795,99560669,5000,0,100011027,43027,0
626,99565361,0,0,0,99565361,9,99587023,0,99555361,99500175,99559430,5000,0,100011027,45320,0
627,99565361,0,0,0,99565361,9,99587023,0,99565361,99502554,99558191,5000,0,100011027,47384,0
628,99565361,0,0,0,99565361,9,99587023,0,99565361,99504933,99556953,5000,0,100011027,49247,0
629,99565361,0,0,0,99565361,9,99587023,0,99565361,99509290,99555714,5000,0,100011027,50528,0
630,99565361,3,0,3,99565361,6,99587023,0,99565361,99513647,99554476,5000,0,100011027,51411,0
631,99565361,0,0,0,99565361,6,99577650,4,99565361,99518004,99553237,5000,0,100007888,51914,0
632,99565361,0,0,0,99565361,6,99577650,4,99565361,99524476,99551998,5000,0,100007888,49280,0
633,99565361,0,0,0,99565361,6,99577650,4,99565361,99530947,99550760,5000,0,100007888,45588,0
634,99565361,0,0,0,99565361,6,99577650,4,99565361,99537418,99549521,5000,0,100007888,40549,0
635,99565361,0,0,0,99565361,6,99577650,4,99565361,99543889,99548283,5000,0,100007888,33563,0
636,99565361,0,0,0,99565361,6,99577650,4,99565361,99550361,99547044,5000,0,100007888,22912,0
637,99565361,0,0,0,99565361,6,99577650,4,99565361,99552861,99545805,5000,0,100007888,21650,0
638,99565361,0,0,0,99565361,6,99577650,4,99565361,99555361,99544567,5000,0,100007888,20000,0
639,99565361,0,0,0,99565361,6,99577650,4,99565361,99557861,99543328,5000,0,100007888,17853,0
640,99565361,0,0,0,99565361,6,99577650,4,99565361,99560361,99542090,5000,0,100007888,15000,0
641,99565361,0,0,0,99565361,6,99577650,4,99565361,99562861,99540851,5000,0,100007888,10897,0
642,99565361,0,0,0,99565361,6,99577650,4,99565361,99565361,99539612,5000,0,100007888,0,0
643,99565361,0,0,0,99565361,6,99577650,4,99565361,99565361,99538374,5000,0,100007888,0,0
644,99565361,0,0,0,99565361,6,99577650,4,99565361,99565361,99537135,5000,0,100007888,0,0
645,99565361,0,0,0,99565361,6,99577650,4,99565361,99565361,99535897,5000,0,100007888,0,0
646,99565361,0,0,0,99565361,6,99577650,4,99565361,99565361,99534658,5000,0,100007888,0,0
647,99565361,0,0,0,99565361,6,99577650,4,99565361,99565361,99533419,5000,0,100007888,0,0
648,99565361,0,0,0,99565361,6,99577650,4,99565361,99565361,99532181,5000,0,100007888,0,0
649,99565361,0,0,0,99565361,6,99577650,4,99565361,99565361,99530942,5000,0,100007888,0,0
650,99565361,0,0,0,99565361,6,99577650,4,99565361,99565361,99530942,5000,0,100007888,0,0
651,99565361,0,0,0,99565361,6,99577650,4,99565361,99565361,99531735,5000,0,100007888,0,0
652,99565361,0,0,0,99565361,6,99577650,4,99565361,99565361,99532528,5000,0,100007888,0,0
653,99565361,0,0,0,99565361,6,99577650,4,99565361,99565361,99533322,5000,0,100007888,0,0
654,99565361,0,0,0,99565361,6,99577650,4,99565361,99565361,99534115,5000,0,100007888,0,0
655,99565361,0,0,0,99565361,6,99577650,4,99565361,99565361,99534908,5000,0,100007888,0,0
656,99565361,0,0,0,99565361,6,99577650,4,99565361,99565361,99535701,5000,0,100007888,0,0
657,99565361,0,0,0,99565361,6,99577650,4,99565361,99565361,99536494,5000,0,100007888,0,0
658,99565361,0,0,0,99565361,6,99577650,4,99565361,99565361,99537287,5000,0,100007888,0,0
659,99565361,0,0,0,99565361,6,99577650,4,99565361,99565361,99538080,5000,0,100007888,0,0
660,99565361,0,0,0,99565361,6,99577650,4,99565361,99565361,99538873,5000,0,100007888,0,0
661,99565361,0,0,0,99565361,6,99577650,4,99565361,99565361,99539666,5000,0,100007888,0,0
662,99565361,3,0,3,99565361,3,99577650,4,99565361,99565361,99540459,5000,0,100007888,0,0
663,99565361,0,0,0,99565361,3,99577650,4,99565361,99565361,99541253,5000,0,100004794,0,0
664,99565361,0,0,0,99565361,3,99577650,4,99565361,99565361,99542046,5000,0,100004794,0,0
665,99565361,0,0,0,99565361,3,99577650,4,99565361,99565361,99542839,5000,0,100004794,0,0
666,99565361,0,0,0,99565361,3,99577650,4,99565361,99565361,99543632,5000,0,100004794,0,0
667,99565361,0,0,0,99565361,3,99577650,4,99565361,99565361,99544425,5000,0,100004794,0,0
668,99565361,0,0,0,99565361,3,99577650,4,99565361,99565361,99545218,5000,0,100004794,0,0
669,99565361,0,0,0,99565361,3,99577650,4,99565361,99565361,99546670,5000,0,100004794,0,0
670,99577650,4,4,0,99565361,3,99587023,0,99565361,99565361,99548123,5000,0,100004794,0,0
671,99414607,11,9,2,99627650,4,99634864,4,99567818,99565975,99549780,5000,0,100000848,2678,0
672,99364607,8,4,4,99356558,0,99364607,7,99537668,99558437,99549424,5000,0,99986324,33105,0
673,99364607,0,0,0,99356558,0,99364607,7,99497517,99548400,99548236,5000,0,99975320,53584,0
674,99364607,0,0,0,99356558,0,99364607,7,99457366,99538362,99547047,5000,0,99975320,66672,0
675,99364607,0,0,0,99356558,0,99364607,7,99417215,99528324,99545858,5000,0,99975320,76272,0
676,99356558,4,0,4,99356558,8,99364607,7,99374607,99518286,99544669,5000,0,99975320,83596,0
677,99356558,0,0,0,99356558,8,99364607,7,99362997,99507846,99542022,5000,0,99969892,89868,0
678,99356558,0,0,0,99356558,8,99364607,7,99361387,99497406,99539376,5000,0,99969892,94585,0
679,99356558,0,0,0,99356558,8,99364607,7,99359777,99486966,99536729,5000,0,99969892,97971,0
680,99364607,3,3,0,99356558,8,99364607,4,99358167,99476526,99534082,5000,0,99969892,100162,0
681,99364607,0,0,0,99356558,8,99364607,4,99358167,99466488,99531570,5000,0,99965936,100813,0
682,99364607,0,0,0,99356558,8,99364607,4,99359777,99456450,99529057,5000,0,99965936,100463,0
683,99364607,0,0,0,99356558,8,99364607,4,99361387,99446413,99525711,5000,0,99965936,99100,0
684,99364607,0,0,0,99356558,8,99364607,4,99362997,99436375,99522365,5000,0,99965936,96681,0
685,99364607,0,0,0,99356558,8,99364607,4,99364607,99426337,99519019,5000,0,99965936,93124,0
686,99364607,0,0,0,99356558,8,99364607,4,99364607,99416300,99515674,5000,0,99965936,88292,0
687,99364607,0,0,0,99356558,8,99364607,4,99364607,99406262,99512328,5000,0,99965936,81960,0
688,99364607,0,0,0,99356558,8,99364607,4,99364607,99396224,99508982,5000,0,99965936,73741,0
689,99364607,0,0,0,99356558,8,99364607,4,99364607,99386187,99505636,5000,0,99965936,62902,0
690,99364607,4,4,0,99356558,8,99368950,4,99364607,99376149,99502290,5000,0,99965936,47687,0
691,99364607,0,0,0,99356558,8,99368950,4,99364607,99365497,99498944,5000,0,99960741,11711,0
692,99368950,4,4,0,99414607,11,99445361,0,99364607,99362997,99495598,5000,0,99960741,3219,0
693,99414607,4,0,4,99414607,7,99445361,0,99365475,99363214,99492325,5000,0,99955672,3458,0
694,99414607,0,0,0,99414607,7,99445361,0,99375475,99365714,99489812,5000,0,99951077,11733,0
695,99414607,0,0,0,99414607,7,99445361,0,99385475,99368214,99487300,5000,0,99951077,15839,0
696,99414607,0,0,0,99414607,7,99445361,0,99395475,99370714,99484787,5000,0,99951077,18751,0
697,99414607,0,0,0,99414607,7,99445361,0,99405475,99373616,99482274,5000,0,99951077,20724,0
698,99414607,0,0,0,99414607,7,99445361,0,99414607,99376519,99479762,5000,0,99951077,22147,0
699,99414607,0,0,0,99414607,7,99445361,0,99414607,99379421,99477249,5000,0,99951077,23123,0
700,99414607,0,0,0,99414607,7,99445361,0,99414607,99382324,99474737,5000,0,99951077,23707,0
701,99414607,0,0,0,99414607,7,99445361,0,99414607,99384824,99472224,5000,0,99951077,24335,0
702,99414607,0,0,0,99445509,5,99451148,3,99414607,99387324,99469712,5000,0,99951077,24695,0
703,99414607,0,0,0,99445509,5,99451148,3,99414607,99389824,99467199,5000,0,99951077,24799,0
704,99414607,0,0,0,99445509,5,99451148,3,99414607,99392324,99464686,5000,0,99951077,24651,0
705,99414607,0,0,0,99445509,5,99451148,3,99414607,99394824,99462174,5000,0,99951077,24245,0
706,99414607,0,0,0,99445509,5,99451148,3,99414607,99397324,99459661,5000,0,99951077,23569,0
707,99414607,0,0,0,99445509,5,99451148,3,99414607,99399824,99457149,5000,0,99951077,22598,0
708,99414607,0,0,0,99445509,5,99451148,3,99414607,99402324,99454636,5000,0,99951077,21292,0
709,99445509,5,0,5,99414607,7,99451148,3,99414607,99404824,99452124,5000,0,99951077,19583,0
710,99445509,0,0,0,99414607,7,99451148,3,99420787,99408869,99450126,5000,0,99945766,19210,0
711,99445509,0,0,0,99414607,7,99451148,3,99426967,99412914,99448129,5000,0,99945766,17940,0
712,99445509,0,0,0,99414607,7,99451148,3,99433148,99416959,99446131,5000,0,99945766,15554,0
713,99457397,4,4,0,99414607,7,99457397,3,99439328,99420787,99444133,5000,0,99945766,12360,0
714,99457397,0,0,0,99414607,7,99457397,3,99447886,99422926,99442334,5000,0,99941697,14605,0
715,99457397,0,0,0,99414607,7,99457397,3,99450264,99425066,99440535,5000,0,99941697,16269,0
716,99457397,0,0,0,99414607,7,99457397,3,99452641,99427205,99438735,5000,0,99941697,17518,0
717,99457397,3,3,0,99615616,2,99634864,4,99455019,99429345,99436936,5000,0,99941697,18438,0
718,99615616,2,0,2,99414607,7,99546200,0,99457397,99431484,99435136,5000,0,99938689,19075,0
719,99615616,0,0,0,99414607,7,99546200,0,99489040,99441535,99435974,5000,0,99937356,44088,0
720,99615616,0,0,0,99414607,7,99546200,0,99520684,99451585,99436812,5000,0,99937356,57634,0
721,99615616,0,0,0,99414607,7,99546200,0,99552328,99461636,99437649,5000,0,99937356,67064,0
722,99615616,0,0,0,99414607,7,99546200,0,99583972,99471686,99438487,5000,0,99937356,73970,0
723,99646320,3,3,0,99414607,7,99646320,1,99615616,99481737,99439324,5000,0,99937356,79015,0
724,99646320,0,0,0,99427517,0,99646320,1,99621756,99493322,99440674,5000,0,99935567,85077,0
725,99646320,0,0,0,99427517,0,99646320,1,99627897,99504908,99442023,5000,0,99935567,89244,0
726,99646320,0,0,0,99427517,0,99646320,1,99634038,99516494,99443372,5000,0,99935567,91774,0
727,99646320,0,0,0,99427517,0,99646320,1,99640179,99528079,99444722,5000,0,99935567,92800,0
728,99646320,0,0,0,99427517,0,99646320,1,99646320,99539665,99446071,5000,0,99935567,92374,0
729,99646320,0,0,0,99427517,0,99646320,1,99646320,99551251,99447420,5000,0,99935567,90474,0
730,99646320,0,0,0,99427517,12,99646320,1,99646320,99561291,99448770,5000,0,99935567,89317,0
731,99646320,0,0,0,99427517,0,99533000,3,99646320,99571332,99449914,5000,0,99935567,86994,0
732,99646320,0,0,0,99427517,0,99533000,3,99646320,99581372,99453776,5000,0,99935567,83407,0
733,99646320,0,0,0,99427517,0,99533000,3,99646320,99591413,99458471,5000,0,99935567,78383,0
734,99646320,0,0,0,99427517,12,99533000,3,99646320,99600859,99463166,5000,0,99935567,72851,0
735,99646320,0,0,0,99427517,0,99533000,3,99646320,99610305,99467862,5000,0,99935567,65516,0
736,99646320,0,0,0,99427517,0,99533000,3,99646320,99619751,99472557,5000,0,99935567,55668,0
737,99646320,0,0,0,99427517,0,99533000,3,99646320,99629197,99477386,5000,0,99935567,41558,0
738,99646320,0,0,0,99427517,0,99533000,3,99646320,99638644,99482216,5000,0,99935567,13295,0
739,99646320,0,0,0,99427517,0,99533000,3,99646320,99640179,99487045,5000,0,99935567,12281,0
740,99646320,0,0,0,99427517,0,99533000,3,99646320,99641714,99491874,5000,0,99935567,10963,0
741,99533000,3,3,0,99646089,1,99646320,1,99646320,99643249,99496570,5000,0,99935567,9211,0
742,99646089,1,0,1,99427517,0,99483000,15,99623656,99639118,99499376,5000,0,99933107,25245,0
743,99646089,0,0,0,99432286,0,99483000,15,99623609,99640642,99504067,5000,0,99932524,24694,0
744,99646089,0,0,0,99432286,0,99483000,15,99623563,99640630,99508759,5000,0,99932524,24692,0
745,99646089,0,0,0,99432286,0,99483000,15,99623517,99640619,99513450,5000,0,99932524,24689,0
746,99646089,0,0,0,99432286,0,99483000,15,99623471,99640607,99518142,5000,0,99932524,24687,0
747,99483000,15,15,0,99432286,0,99631803,0,99646089,99640596,99522833,5000,0,99932524,24684,0
748,99483000,0,0,0,99432286,0,99433000,15,99613471,99632430,99524806,5000,0,99919225,42223,0
749,99433000,3,3,0,99432286,0,99433000,12,99580853,99624264,99526779,5000,0,99919225,53131,0
750,99433000,4,4,0,99432286,0,99433000,8,99538235,99613598,99527919,5000,0,99916364,67186,0
751,99433000,0,0,0,99432286,0,99433000,8,99495617,99602932,99529059,5000,0,99912603,77314,0
752,99433000,0,0,0,99432286,0,99433000,8,99453000,99592266,99530199,5000,0,99912603,84931,0
753,99433000,0,0,0,99432286,0,99433000,8,99443000,99581600,99531266,5000,0,99912603,90674,0
754,99433000,0,0,0,99432286,0,99433000,8,99433000,99570934,99531573,5000,0,99912603,94882,0
755,99414748,4,0,4,99414607,7,99433000,8,99433000,99560268,99531880,5000,0,99912603,97755,0
756,99433000,3,3,0,99414607,7,99433000,5,99429349,99548689,99531882,5000,0,99908758,100551,0
757,99433000,0,0,0,99332011,0,99334520,4,99429349,99538023,99532188,5000,0,99906019,100943,0
758,99433000,5,5,0,99332011,0,99433000,4,99429349,99527357,99532495,5000,0,99906019,100203,0
759,99433000,0,0,0,99332011,0,99433000,4,99429349,99516691,99532802,5000,0,99901522,98308,0
760,99433000,0,0,0,99332011,0,99433000,4,99429349,99506025,99533108,5000,0,99901522,95188,0
761,99433000,0,0,0,99332011,0,99433000,4,99433000,99495359,99533415,5000,0,99901522,90717,0
762,99433000,0,0,0,99332011,0,99433000,4,99433000,99490359,99533721,5000,0,99901522,91259,0
763,99433000,0,0,0,99332011,0,99433000,4,99433000,99479705,99534028,5000,0,99901522,84656,0
764,99433000,0,0,0,99332011,0,99433000,4,99433000,99469050,99534334,5000,0,99901522,76013,0
765,99433000,0,0,0,99332011,0,99433000,4,99433000,99458396,99534641,5000,0,99901522,64516,0
766,99433000,0,0,0,99332011,0,99433000,4,99433000,99447741,99534947,5000,0,99901522,48163,0
767,99433000,0,0,0,99332011,0,99433000,4,99433000,99437087,99535254,5000,0,99901522,15809,0
768,99433000,0,0,0,99332011,0,99433000,4,99433000,99434587,99535561,5000,0,99901522,11795,0
769,99433000,4,4,0,99483000,11,99486582,3,99433000,99432087,99535867,5000,0,99901522,3977,0
770,99433000,0,0,0,99483000,11,99486582,3,99433000,99432087,99535659,5000,0,99897986,3977,0
771,99483000,3,0,3,99483000,8,99486582,3,99433000,99432087,99535450,5000,0,99897986,3977,0
772,99483000,0,0,0,99483000,8,99486582,3,99443000,99434587,99536075,5000,0,99895651,11795,0
773,99483000,7,0,7,99483000,1,99486582,3,99453000,99437087,99536700,5000,0,99895651,15809,0
774,99483000,0,0,0,99483000,1,99486582,3,99463000,99439587,99537127,5000,0,99890301,18661,0
775,99483000,0,0,0,99483000,1,99486582,3,99473000,99442087,99537553,5000,0,99890301,20834,0
776,99483000,0,0,0,99483000,1,99486582,3,99483000,99445500,99537980,5000,0,99890301,21650,0
777,99483000,1,0,1,99332011,0,99449185,4,99483000,99448000,99538407,5000,0,99890301,22912,0
778,99483000,0,0,0,99332011,0,99449185,4,99483000,99450500,99538833,5000,0,99889549,23848,0
779,99483000,0,0,0,99332011,0,99449185,4,99483000,99453000,99536623,5000,0,99889549,24494,0
780,99483000,0,0,0,99332011,0,99449185,4,99483000,99455500,99534413,5000,0,99889549,24874,0
781,99483000,0,0,0,99332011,0,99449185,4,99483000,99458000,99532203,5000,0,99889549,25000,0
782,99483000,0,0,0,99332011,0,99449185,4,99483000,99460500,99529992,5000,0,99889549,24874,0
783,99483000,0,0,0,99332011,0,99449185,4,99483000,99463000,99527782,5000,0,99889549,24494,0
784,99449185,3,3,0,99332011,0,99449185,1,99483000,99465500,99525060,5000,0,99889549,23848,0
785,99449185,0,0,0,99332011,0,99449185,1,99476237,99466309,99521774,5000,0,99887120,22991,0
786,99449185,0,0,0,99332011,0,99449185,1,99469474,99467118,99518489,5000,0,99887120,22070,0
787,99449185,0,0,0,99332011,0,99399185,15,99462711,99467927,99515203,5000,0,99887120,21079,0
788,99449185,0,0,0,99332011,0,99399185,15,99455948,99468737,99511918,5000,0,99887120,20006,0
789,99449185,0,0,0,99332011,0,99399185,15,99449185,99469546,99508632,5000,0,99887120,18837,0
790,99449185,0,0,0,99332011,0,99399185,15,99449185,99470355,99505347,5000,0,99887120,17554,0
791,99449185,0,0,0,99332011,0,99399185,15,99449185,99471164,99502061,5000,0,99887120,16128,0
792,99449185,0,0,0,99332011,0,99399185,15,99449185,99469474,99498775,5000,0,99887120,16565,0
793,99449185,0,0,0,99332011,0,99399185,15,99449185,99467783,99495490,5000,0,99887120,16822,0
794,99449185,0,0,0,99332011,0,99399185,15,99449185,99466092,99492204,5000,0,99887120,16907,0
795,99449185,0,0,0,99332011,0,99399185,15,99449185,99464401,99488919,5000,0,99887120,16822,0
796,99449185,0,0,0,99332011,0,99340609,3,99449185,99462711,99485633,5000,0,99887120,16565,0
797,99449185,0,0,0,99332011,0,99340609,3,99449185,99461020,99482347,5000,0,99887120,16128,0
798,99449185,0,0,0,99332011,0,99340609,3,99449185,99459329,99479062,5000,0,99887120,15495,0
799,99449185,0,0,0,99332011,0,99340609,3,99449185,99457638,99475776,5000,0,99887120,14642,0
800,99449185,0,0,0,99332011,0,99340609,3,99449185,99455948,99472491,5000,0,99887120,13526,0
801,99331443,4,0,4,99331443,1,99340609,3,99449185,99454257,99469205,5000,0,99887120,12074,0
802,99331443,0,0,0,99331443,1,99340609,3,99425636,99446679,99465846,5000,0,99883064,28305,0
803,99399185,4,4,0,99331443,1,99399185,14,99402088,99439101,99460602,5000,0,99883064,36630,0
804,99399185,0,0,0,99331443,1,99399185,14,99392088,99434910,99456487,5000,0,99879558,36160,0
805,99399185,0,0,0,99331443,1,99399185,14,99382088,99432410,99452372,5000,0,99879558,36809,0
806,99399185,0,0,0,99331443,1,99399185,14,99372088,99429910,99448257,5000,0,99879558,37280,0
807,99399185,0,0,0,99331443,1,99399185,14,99385636,99427410,99444141,5000,0,99879558,37579,0
808,99399185,0,0,0,99331443,1,99399185,14,99399185,99424910,99442745,5000,0,99879558,37710,0
809,99399185,3,3,0,99331443,1,99399185,11,99399185,99422410,99441348,5000,0,99879558,37675,0
810,99399185,7,4,3,99330185,1,99399185,7,99399185,99419910,99440784,5000,0,99876961,37474,0
811,99399185,0,0,0,99330185,1,99399185,7,99399185,99417410,99440220,5000,0,99871010,37104,0
812,99399185,0,0,0,99330185,1,99399185,7,99399185,99414910,99439657,5000,0,99871010,36559,0
813,99399185,0,0,0,99330185,1,99399185,7,99399185,99412410,99439093,5000,0,99871010,35832,0
814,99399185,0,0,0,99330185,1,99399185,7,99399185,99409910,99438530,5000,0,99871010,34912,0
815,99399185,0,0,0,99330185,1,99399185,7,99399185,99407410,99437966,5000,0,99871010,33782,0
816,99399185,0,0,0,99330185,1,99399185,7,99399185,99404910,99437707,5000,0,99871010,32420,0
817,99399185,0,0,0,99330185,1,99399185,7,99399185,99402410,99437143,5000,0,99871010,30797,0
818,99399185,0,0,0,99330185,1,99399185,7,99399185,99399910,99436580,5000,0,99871010,28868,0
819,99433225,10,10,0,99449185,5,99486582,3,99399185,99397410,99436016,5000,0,99871010,26565,0
820,99433225,0,0,0,99449185,5,99486582,3,99405993,99396612,99436020,5000,0,99863357,25203,0
821,99433225,0,0,0,99484907,4,99486582,3,99412801,99395814,99436024,5000,0,99863357,23736,0
822,99433225,0,0,0,99484907,4,99486582,3,99419609,99400903,99436027,5000,0,99863357,20007,0
823,99433225,0,0,0,99484907,4,99486582,3,99426417,99405993,99436031,5000,0,99863357,13616,0
824,99433225,0,0,0,99484907,4,99486582,3,99433225,99407695,99436035,5000,0,99863357,14739,0
825,99433225,0,0,0,99484907,4,99486582,3,99433225,99409397,99436039,5000,0,99863357,15599,0
826,99433225,0,0,0,99484907,4,99486582,3,99433225,99411099,99436042,5000,0,99863357,16236,0
827,99433225,0,0,0,99484907,4,99486582,3,99433225,99412801,99436046,5000,0,99863357,16676,0
828,99486582,3,3,0,99495553,1,99498624,4,99433225,99414503,99436050,5000,0,99863357,16934,0
829,99486582,0,0,0,99495553,1,99498624,4,99443896,99418872,99436943,5000,0,99861391,22709,0
830,99449185,4,0,4,99449185,2,99498624,4,99454567,99423242,99437836,5000,0,99861391,26579,0
831,99449185,0,0,0,99449185,2,99498624,4,99457759,99425742,99438106,5000,0,99858543,26550,0
832,99449185,0,0,0,99449185,2,99498624,4,99460951,99428242,99437542,5000,0,99858543,26284,0
833,99449185,0,0,0,99449185,2,99498624,4,99464143,99430742,99436978,5000,0,99858543,25775,0
834,99449185,0,0,0,99449185,2,99498624,4,99456664,99433242,99436415,5000,0,99858543,25006,0
835,99449185,0,0,0,99449185,2,99498624,4,99449185,99435742,99435851,5000,0,99858543,23953,0
836,99449185,0,0,0,99449185,2,99498624,4,99449185,99438242,99435288,5000,0,99858543,22577,0
837,99449185,0,0,0,99449185,2,99498624,4,99449185,99440742,99434724,5000,0,99858543,20813,0
838,99449185,0,0,0,99449185,2,99498624,4,99449185,99443242,99434161,5000,0,99858543,18551,0
839,99449185,0,0,0,99449185,2,99498624,4,99449185,99445742,99433597,5000,0,99858543,15576,0
840,99449185,0,0,0,99449185,2,99498624,4,99449185,99446540,99433033,5000,0,99858543,15321,0
841,99449185,0,0,0,99449185,2,99498624,4,99449185,99447338,99432470,5000,0,99858543,15019,0
842,99449185,0,0,0,99449185,2,99498624,4,99449185,99448136,99431906,5000,0,99858543,14668,0
843,99449185,0,0,0,99449185,2,99498624,4,99449185,99448934,99431343,5000,0,99858543,14264,0
844,99322668,13,0,13,99322668,1,99399185,5,99449185,99449732,99430779,5000,0,99858543,13802,0
845,99322668,0,0,0,99322668,1,99399185,5,99423881,99444204,99428670,5000,0,99846776,30880,0
846,99399185,3,3,0,99322668,1,99399185,2,99398578,99438677,99426562,5000,0,99846776,40688,0
847,99399185,0,0,0,99322668,1,99399185,2,99388578,99436975,99425728,5000,0,99844519,41583,0
848,99399185,0,0,0,99335885,4,99399185,2,99378578,99435273,99424895,5000,0,99844519,42390,0
849,99399185,0,0,0,99335885,4,99399185,2,99368578,99430903,99424062,5000,0,99844519,41368,0
850,99399185,0,0,0,99335885,4,99399185,2,99383881,99426533,99423228,5000,0,99844519,39844,0
851,99399185,0,0,0,99335885,4,99399185,2,99399185,99424033,99422395,5000,0,99844519,39912,0
852,99399185,0,0,0,99365158,4,99399185,2,99399185,99421533,99421562,5000,0,99844519,39825,0
853,99399185,0,0,0,99365158,4,99399185,2,99399185,99419033,99420728,5000,0,99844519,39579,0
854,99399185,0,0,0,99365158,4,99399185,2,99399185,99416533,99419895,5000,0,99844519,39172,0
855,99399185,0,0,0,99365158,4,99399185,2,99399185,99414033,99419062,5000,0,99844519,38600,0
856,99399185,0,0,0,99365158,4,99399185,2,99399185,99411533,99418228,5000,0,99844519,37855,0
857,99399185,0,0,0,99377927,4,99399185,2,99399185,99409033,99417395,5000,0,99844519,36925,0
858,99399185,0,0,0,99377927,4,99399185,2,99399185,99406533,99416562,5000,0,99844519,35797,0
859,99498624,3,3,0,99377927,4,99498624,3,99399185,99404033,99415728,5000,0,99844519,34452,0
860,99504983,8,8,0,99548624,7,99552988,0,99419072,99406505,99416552,5000,0,99842784,39067,0
861,99504983,0,0,0,99548624,7,99552988,0,99440232,99409295,99417482,5000,0,99838324,43730,0
862,99504983,0,0,0,99548624,7,99552988,0,99461392,99412085,99420375,5000,0,99838324,47778,0
863,99504983,0,0,0,99548624,7,99552988,0,99482551,99414874,99423267,5000,0,99838324,51358,0
864,99548624,4,0,4,99548624,3,99552988,0,99503711,99417664,99425030,5000,0,99838324,54562,0
865,99548624,0,0,0,99548624,3,99552988,0,99513711,99428962,99427521,5000,0,99836424,57058,0
866,99548624,0,0,0,99548624,3,99552988,0,99522439,99440260,99430012,5000,0,99836424,57263,0
867,99548624,0,0,0,99548624,3,99552988,0,99531167,99447732,99432502,5000,0,99836424,61040,0
868,99548624,0,0,0,99548624,3,99552988,0,99539895,99455204,99434993,5000,0,99836424,63728,0
869,99548624,0,0,0,99548624,3,99552988,0,99548624,99462676,99437484,5000,0,99836424,65459,0
870,99548624,0,0,0,99548624,3,99552988,0,99548624,99470148,99439974,5000,0,99836424,66308,0
871,99548624,0,0,0,99548624,3,99552988,0,99548624,99477620,99442465,5000,0,99836424,66311,0
872,99548624,0,0,0,99548624,3,99552988,0,99548624,99485092,99444956,5000,0,99836424,65466,0
873,99548624,0,0,0,99548624,3,99552988,0,99548624,99492564,99447446,5000,0,99836424,63740,0
874,99548624,0,0,0,99548624,3,99552988,0,99548624,99500036,99449937,5000,0,99836424,61058,0
875,99548624,0,0,0,99548624,3,99551099,3,99548624,99507508,99452428,5000,0,99836424,57286,0
876,99548624,0,0,0,99548624,3,99551099,3,99548624,99514979,99454918,5000,0,99836424,52189,0
877,99548624,0,0,0,99548624,3,99551099,3,99548624,99522451,99457409,5000,0,99836424,45322,0
878,99548624,0,0,0,99548624,3,99551099,3,99548624,99529923,99459899,5000,0,99836424,35676,0
879,99548624,0,0,0,99548624,3,99551099,3,99548624,99537395,99462390,5000,0,99836424,19489,0
880,99548624,3,0,3,99377927,4,99551099,3,99548624,99539895,99464313,5000,0,99836424,17456,0
881,99548624,0,0,0,99377927,4,99551099,3,99548624,99542077,99466237,5000,0,99835016,15582,0
882,99548624,0,0,0,99377927,4,99551099,3,99548624,99544259,99468160,5000,0,99835016,13092,0
883,99551099,3,3,0,99377927,4,99552988,0,99548624,99546441,99470083,5000,0,99835016,9511,0
884,99551099,0,0,0,99377927,4,99552988,0,99549119,99548747,99472048,5000,0,99833633,539,0
885,99551099,0,0,0,99377927,4,99408439,3,99549614,99548871,99474013,5000,0,99833633,742,0
886,99551099,0,0,0,99377927,4,99408439,3,99550109,99548995,99475977,5000,0,99833633,883,0
887,99408439,3,3,0,99377927,4,99552988,0,99550604,99549119,99477942,5000,0,99833633,990,0
888,99377927,4,0,4,99337296,0,99358439,11,99522567,99542109,99477529,5000,0,99831572,30681,0
889,99377927,0,0,0,99337296,0,99358439,11,99487932,99533574,99475718,5000,0,99828660,47055,0
890,99377927,0,0,0,99337296,0,99358439,11,99453298,99525040,99473907,5000,0,99828660,57804,0
891,99377927,0,0,0,99337296,0,99358439,11,99418663,99516505,99472719,5000,0,99828660,65748,0
892,99377927,0,0,0,99337296,0,99358439,11,99384029,99507970,99471531,5000,0,99828660,71823,0
893,99377927,0,0,0,99337296,0,99358439,11,99377927,99499435,99470344,5000,0,99828660,76476,0
894,99358439,5,5,0,99337296,0,99358439,6,99377927,99490900,99469156,5000,0,99828660,79956,0
895,99358439,0,0,0,99337296,0,99358439,6,99374029,99481391,99467644,5000,0,99824916,83745,0
896,99358439,4,4,0,99337296,0,99358439,2,99370131,99471882,99466131,5000,0,99824916,86329,0
897,99358439,0,0,0,99337296,0,99358439,2,99366234,99462372,99464619,5000,0,99821964,87814,0
898,99358439,0,0,0,99337296,0,99358439,2,99362336,99452863,99463106,5000,0,99821964,88255,0
899,99358439,2,2,0,99393731,2,99462242,0,99358439,99443354,99461594,5000,0,99821964,87669,0
900,99358439,0,0,0,99393731,2,99462242,0,99358439,99433845,99460082,5000,0,99820501,86034,0
901,99393731,2,0,2,99337296,0,99378159,3,99358439,99424335,99458569,5000,0,99820501,83289,0
902,99393731,0,0,0,99337296,0,99378159,3,99365497,99416591,99457645,5000,0,99819159,78432,0
903,99393731,0,0,0,99337296,0,99378159,3,99372555,99408846,99456721,5000,0,99819159,72430,0
904,99393731,0,0,0,99337296,0,99378159,3,99379614,99400978,99455796,5000,0,99819159,64682,0
905,99393731,0,0,0,99337296,0,99378159,3,99386672,99393109,99456981,5000,0,99819159,54751,0
906,99378159,3,3,0,99443731,12,99462242,0,99393731,99385241,99458165,5000,0,99819159,41083,0
907,99378159,0,0,0,99443731,12,99462242,0,99390616,99376594,99457815,5000,0,99817089,15496,0
908,99443731,12,5,7,99443731,5,99462242,7,99387502,99375080,99457464,5000,0,99817089,13684,0
909,99443731,0,0,0,99443731,5,99462242,7,99397502,99378370,99458207,5000,0,99810207,20289,0
910,99443731,0,0,0,99443731,5,99462242,7,99407502,99381660,99458949,5000,0,99810207,24788,0
911,99443731,0,0,0,99443731,5,99462242,7,99417502,99384951,99459692,5000,0,99810207,28205,0
912,99443731,0,0,0,99443731,5,99462242,7,99430616,99388241,99460434,5000,0,99810207,30903,0
913,99443731,0,0,0,99443731,5,99462242,7,99443731,99391531,99461177,5000,0,99810207,33058,0
914,99443731,4,0,4,99443731,1,99462242,7,99443731,99394821,99461919,5000,0,99810207,34770,0
915,99413493,3,0,3,99413493,1,99462242,7,99443731,99399086,99462661,5000,0,99807969,35273,0
916,99413493,0,0,0,99413493,1,99462242,7,99437683,99401838,99462900,5000,0,99806170,34123,0
917,99413493,0,0,0,99413493,1,99462242,7,99431635,99404591,99463138,5000,0,99806170,32702,0
918,99413493,0,0,0,99413493,1,99462242,7,99425588,99407344,99463377,5000,0,99806170,30973,0
919,99413493,0,0,0,99413493,1,99462242,7,99419540,99410097,99463615,5000,0,99806170,28880,0
920,99522910,3,3,0,99413493,1,99542296,12,99413493,99412849,99462196,5000,0,99806170,26336,0
921,99522910,0,0,0,99413493,1,99506970,4,99435376,99421073,99462495,5000,0,99804885,32918,0
922,99522910,0,0,0,99413493,1,99506970,4,99457259,99427532,99462794,5000,0,99804885,39026,0
923,99522910,0,0,0,99413493,1,99425219,3,99479143,99433991,99463093,5000,0,99804885,43348,0
924,99522910,0,0,0,99413493,1,99425219,3,99501026,99440450,99463392,5000,0,99804885,46385,0
925,99522910,0,0,0,99413493,1,99425219,3,99522910,99446909,99462963,5000,0,99804885,48381,0
926,99522910,0,0,0,99413493,1,99425219,3,99522910,99453368,99462534,5000,0,99804885,49461,0
927,99522910,0,0,0,99413493,1,99425219,3,99522910,99460605,99462106,5000,0,99804885,48508,0
928,99522910,0,0,0,99413493,1,99425219,3,99522910,99467843,99461677,5000,0,99804885,46421,0
929,99425219,3,3,0,99413493,1,99506970,4,99522910,99471802,99461249,5000,0,99804885,47558,0
930,99425219,0,0,0,99413493,1,99506970,4,99503371,99470876,99459192,5000,0,99803169,48270,0
931,99425219,0,0,0,99413493,1,99506970,4,99483833,99469950,99457135,5000,0,99803169,48954,0
932,99387735,4,0,4,99337296,0,99375219,11,99464295,99469025,99455078,5000,0,99803169,49612,0
933,99387735,0,0,0,99337296,0,99375219,11,99437260,99466225,99452397,5000,0,99800682,52459,0
934,99387735,0,0,0,99337296,0,99375219,11,99410225,99463425,99449715,5000,0,99800682,55016,0
935,99375219,3,3,0,99337296,0,99375219,8,99402728,99460625,99447034,5000,0,99800682,57324,0
936,99375219,0,0,0,99337296,0,99375219,8,99392728,99458712,99444144,5000,0,99798779,59464,0
937,99375219,0,0,0,99337296,0,99375219,8,99382728,99456798,99441254,5000,0,99798779,61471,0
938,99375219,0,0,0,99337296,0,99375219,8,99380225,99454884,99438364,5000,0,99798779,63356,0
939,99375219,0,0,0,99337296,0,99375219,8,99377722,99452971,99435474,5000,0,99798779,65130,0
940,99375219,0,0,0,99337296,0,99375219,8,99375219,99451057,99432584,5000,0,99798779,66803,0
941,99375219,0,0,0,99337296,0,99375219,8,99375219,99443672,99429693,5000,0,99798779,66615,0
942,99308089,4,0,4,99308089,4,99375219,8,99375219,99436288,99426803,5000,0,99798779,65600,0
943,99308089,0,0,0,99308089,4,99375219,8,99361793,99425547,99422794,5000,0,99795872,68078,0
944,99308089,0,0,0,99308089,4,99375219,8,99348367,99414806,99418744,5000,0,99795872,68812,0
945,99308089,0,0,0,99308089,4,99375219,8,99334941,99404065,99414694,5000,0,99795872,67859,0
946,99308089,7,4,3,99308089,1,99375219,4,99321515,99393324,99410644,5000,0,99795872,65145,0
947,99308089,0,0,0,99308089,1,99375219,4,99308089,99382583,99406594,5000,0,99790865,60432,0
948,99308089,0,0,0,99308089,1,99375219,4,99308089,99371841,99404921,5000,0,99790865,53194,0
949,99308089,0,0,0,99308089,1,99375219,4,99308089,99361100,99403757,5000,0,99790865,42147,0
950,99375219,4,4,0,99399113,1,99436892,0,99308089,99355244,99402593,5000,0,99790865,40952,0
951,99375219,0,0,0,99399113,1,99436892,0,99321515,99352744,99402548,5000,0,99788441,38025,0
952,99375219,0,0,0,99399113,1,99436892,0,99334941,99350244,99402503,5000,0,99788441,34674,0
953,99375219,0,0,0,99399113,1,99436892,0,99348367,99349618,99402458,5000,0,99788441,34100,0
954,99375219,0,0,0,99425219,15,99436892,0,99361793,99348992,99402413,5000,0,99788441,33505,0
955,99375219,0,0,0,99425219,15,99436892,0,99375219,99348367,99402693,5000,0,99788441,32886,0
956,99375219,0,0,0,99425219,15,99436892,0,99375219,99348367,99402972,5000,0,99788441,32886,0
957,99375219,0,0,0,99425219,15,99436892,0,99375219,99348367,99403252,5000,0,99788441,32886,0
958,99375219,0,0,0,99425219,15,99436892,0,99375219,99348367,99403532,5000,0,99788441,32886,0
959,99375219,0,0,0,99425219,15,99436892,0,99375219,99348367,99403811,5000,0,99788441,32886,0
960,99375219,0,0,0,99425219,15,99436892,0,99375219,99348367,99404091,5000,0,99788441,32886,0
961,99425219,7,3,4,99425219,11,99504022,0,99375219,99348367,99404371,5000,0,99788441,32886,0
962,99425219,5,0,5,99425219,6,99504022,0,99385219,99350867,99404895,5000,0,99784773,36531,0
963,99425219,0,0,0,99425219,6,99504022,0,99395219,99356723,99405420,5000,0,99782197,38537,0
964,99425219,0,0,0,99425219,6,99504022,0,99405219,99362580,99405945,5000,0,99782197,39587,0
965,99425219,0,0,0,99425219,6,99504022,0,99415219,99368436,99406470,5000,0,99782197,39756,0
966,99425219,0,0,0,99425219,6,99504022,0,99425219,99374293,99406995,5000,0,99782197,39056,0
967,99425219,0,0,0,99425219,6,99504022,0,99425219,99380149,99407779,5000,0,99782197,37438,0
968,99425219,0,0,0,99425219,6,99504022,0,99425219,99386006,99408563,5000,0,99782197,34774,0
969,99425219,0,0,0,99425219,6,99504022,0,99425219,99391862,99408255,5000,0,99782197,30794,0
970,99425219,0,0,0,99425219,6,99504022,0,99425219,99397719,99407946,5000,0,99782197,24874,0
971,99425219,4,0,4,99425219,2,99504022,0,99425219,99400219,99407638,5000,0,99782197,25000,0
972,99425219,0,0,0,99425219,2,99504022,0,99425219,99402719,99407329,5000,0,99780163,24874,0
973,99514340,4,4,0,99425219,2,99514340,2,99425219,99405219,99407021,5000,0,99780163,24494,0
974,99514340,0,0,0,99425219,2,99514340,2,99443043,99412175,99408197,5000,0,99778657,33196,0
975,99514340,0,0,0,99425219,2,99514340,2,99460867,99419131,99409374,5000,0,99778657,38822,0
976,99514340,0,0,0,99425219,2,99514340,2,99478691,99426087,99411055,5000,0,99778657,42610,0
977,99514340,0,0,0,99425219,2,99514340,2,99496515,99433043,99412736,5000,0,99778657,45025,0
978,99514340,0,0,0,99425219,2,99514340,2,99514340,99439999,99414417,5000,0,99778657,46283,0
979,99514340,0,0,0,99425219,2,99514340,2,99514340,99446955,99416097,5000,0,99778657,46479,0
980,99514340,0,0,0,99455664,3,99514340,2,99514340,99453911,99417778,5000,0,99778657,45625,0
981,99514340,0,0,0,99455664,3,99514340,2,99514340,99460867,99417635,5000,0,99778657,43660,0
982,99514340,0,0,0,99455664,3,99514340,2,99514340,99465323,99417492,5000,0,99778657,44337,0
983,99514340,0,0,0,99455664,3,99514340,2,99514340,99469779,99417350,5000,0,99778657,44560,0
984,99514340,0,0,0,99455664,3,99514340,2,99514340,99474235,99417207,5000,0,99778657,44337,0
985,99514340,0,0,0,99455664,3,99514340,2,99514340,99478691,99417064,5000,0,99778657,43660,0
986,99514340,0,0,0,99455664,3,99514340,2,99514340,99483147,99416921,5000,0,99778657,42508,0
987,99514340,0,0,0,99455664,3,99514340,2,99514340,99487603,99416778,5000,0,99778657,40840,0
988,99516538,5,5,0,99455664,3,99516538,9,99514340,99492059,99416635,5000,0,99778657,38590,0
989,99516538,0,0,0,99455664,3,99516538,9,99514779,99496625,99416529,5000,0,99776813,35706,0
990,99516538,0,0,0,99455664,3,99516538,9,99515219,99501191,99418051,5000,0,99776813,31921,0
991,99516538,0,0,0,99455664,3,99516538,9,99515658,99505757,99419573,5000,0,99776813,26857,0
992,99516538,0,0,0,99455664,3,99516538,9,99516098,99510323,99421095,5000,0,99776813,19543,0
993,99516538,0,0,0,99455664,3,99516538,9,99516538,99514889,99423242,5000,0,99776813,951,0
994,99516538,0,0,0,99455664,3,99516538,9,99516538,99514999,99425389,5000,0,99776813,1007,0
995,99516538,0,0,0,99455664,3,99516538,9,99516538,99515109,99427535,5000,0,99776813,1048,0
996,99516538,0,0,0,99455664,3,99516538,9,99516538,99515219,99429891,5000,0,99776813,1076,0
997,99518767,3,3,0,99455664,3,99542296,0,99516538,99515329,99432246,5000,0,99776813,1093,0
998,99518767,0,0,0,99455664,3,99542296,0,99516983,99515550,99434638,5000,0,99775729,1299,0
999,99518767,0,0,0,99455664,3,99542296,0,99517429,99515771,99437031,5000,0,99775729,1443,0
1000,99567052,4,4,0,99694318,1,99703051,3,99517875,99515993,99439423,5000,0,99775729,1543,0
1001,99694318,1,0,1,99455664,3,99681994,3,99527978,99518628,99442621,5000,0,99774567,11209,0
1002,99681994,3,3,0,99520515,0,99703051,3,99563534,99527627,99447939,5000,0,99774455,39838,0
1003,99681994,0,0,0,99520515,0,99703051,3,99596179,99536010,99454171,5000,0,99774071,51956,0
1004,99681994,0,0,0,99520515,0,99703051,3,99628825,99544393,99460402,5000,0,99774071,60590,0
1005,99681994,0,0,0,99520515,0,99703051,3,99661470,99552775,99466634,5000,0,99774071,67100,0
1006,99681994,0,0,0,99520515,0,99703051,3,99684458,99561158,99472866,5000,0,99774071,72064,0
1007,99681994,0,0,0,99520515,0,99703051,3,99681994,99569541,99479098,5000,0,99774071,75785,0
1008,99769891,7,7,0,99520515,0,99770734,0,99681994,99577923,99485329,5000,0,99774071,78441,0
1009,99769891,0,0,0,99596088,0,99770734,0,99699573,99590591,99493026,5000,0,99774031,87445,0
1010,99769891,0,0,0,99596088,0,99770734,0,99717152,99603259,99500723,5000,0,99774031,93912,0
1011,99769891,0,0,0,99596088,0,99755384,5,99734732,99615926,99507301,5000,0,99774031,98343,0
1012,99769891,0,0,0,99596088,0,99755384,5,99752311,99628594,99513879,5000,0,99774031,101006,0
1013,99769891,0,0,0,99596088,0,99755384,5,99769891,99641262,99520456,5000,0,99774031,102039,0
1014,99769891,0,0,0,99596088,0,99755384,5,99769891,99653929,99527034,5000,0,99774031,101494,0
1015,99769891,0,0,0,99596088,0,99755384,5,99769891,99666597,99533612,5000,0,99774031,99343,0
1016,99769891,0,0,0,99596088,0,99755384,5,99769891,99679265,99540190,5000,0,99774031,95479,0
1017,99769891,0,0,0,99596088,0,99755384,5,99769891,99691932,99546768,5000,0,99774031,89680,0
1018,99769891,0,0,0,99596088,0,99755384,5,99769891,99704488,99553346,5000,0,99774031,81788,0
1019,99769891,0,0,0,99596088,0,99755384,5,99769891,99717045,99559924,5000,0,99774031,70858,0
1020,99769891,0,0,0,99596088,0,99755384,5,99769891,99729601,99566501,5000,0,99774031,55111,0
1021,99769891,0,0,0,99596088,0,99755384,5,99769891,99739743,99573079,5000,0,99774031,41163,0
1022,99769891,0,0,0,99596088,0,99755384,5,99769891,99743521,99578824,5000,0,99774031,40279,0
1023,99769891,0,0,0,99596088,0,99755384,5,99769891,99747916,99584568,5000,0,99774031,38060,0
1024,99769891,0,0,0,99596088,0,99755384,5,99769891,99752311,99590313,5000,0,99774031,35158,0
1025,99769891,0,0,0,99596088,0,99755384,5,99769891,99756706,99596057,5000,0,99774031,31385,0
1026,99769891,0,0,0,99596088,0,99755384,5,99769891,99761101,99601802,5000,0,99774031,26369,0
1027,99510438,3,0,3,99508191,0,99755384,5,99769891,99765496,99607547,5000,0,99774031,19156,0
1028,99510438,0,0,0,99455664,3,99460438,15,99718000,99756918,99608967,5000,0,99772950,56546,0
1029,99510438,0,0,0,99455664,3,99460438,15,99666109,99743945,99610387,5000,0,99772950,77835,0
1030,99510438,0,0,0,99455664,3,99460438,15,99614219,99730973,99611807,5000,0,99772950,92643,0
1031,99510438,0,0,0,99455664,3,99460438,15,99562328,99718000,99613228,5000,0,99772950,103781,0
1032,99510438,0,0,0,99455664,3,99460438,15,99510438,99705027,99614648,5000,0,99772950,112346,0
1033,99510438,0,0,0,99455664,3,99460438,15,99510438,99692055,99616068,5000,0,99772950,118896,0
1034,99510438,0,0,0,99455664,3,99460438,15,99510438,99679082,99616003,5000,0,99772950,123751,0
1035,99460438,8,3,5,99399113,1,99460438,12,99510438,99666109,99615938,5000,0,99772950,127105,0
1036,99460438,0,0,0,99399113,1,99460438,12,99500438,99650637,99615040,5000,0,99769572,132260,0
1037,99460438,0,0,0,99399113,1,99460438,12,99490438,99635164,99614142,5000,0,99769572,135466,0
1038,99460438,0,0,0,99399113,1,99460438,12,99480438,99619691,99613243,5000,0,99769572,136860,0
1039,99460438,0,0,0,99399113,1,99460438,12,99470438,99604219,99612345,5000,0,99769572,136496,0
1040,99460438,0,0,0,99399113,1,99460438,12,99460438,99588746,99611447,5000,0,99769572,134362,0
1041,99460438,0,0,0,99399113,1,99460438,12,99460438,99573273,99610548,5000,0,99769572,130370,0
1042,99460438,0,0,0,99399113,1,99460438,12,99460438,99557801,99609650,5000,0,99769572,124341,0
1043,99460438,5,5,0,99399113,1,99460438,7,99460438,99542328,99608751,5000,0,99769572,115957,0
1044,99606229,4,2,2,99399113,1,99604241,0,99460438,99526855,99607853,5000,0,99767497,104655,0
1045,99606229,0,0,0,99442426,0,99604241,0,99489596,99518672,99609385,5000,0,99766636,90816,0
1046,99606229,0,0,0,99656229,15,99755384,5,99518754,99510489,99610916,5000,0,99766636,73541,0
1047,99606229,0,0,0,99656229,15,99755384,5,99547912,99502306,99612447,5000,0,99766636,49348,0
1048,99656229,5,0,5,99656229,10,99755384,5,99577070,99507096,99613979,5000,0,99766636,54304,0
1049,99656229,0,0,0,99656229,10,99753527,4,99616229,99514385,99616307,5000,0,99765904,63303,0
1050,99656229,0,0,0,99656229,10,99753527,4,99626229,99521675,99618635,5000,0,99765904,70423,0
1051,99656229,0,0,0,99656229,10,99753527,4,99636229,99528964,99620964,5000,0,99765904,76191,0
1052,99656229,0,0,0,99656229,10,99753527,4,99646229,99536254,99623292,5000,0,99765904,80899,0
1053,99656229,4,0,4,99656229,6,99753527,4,99656229,99543543,99625620,5000,0,99765904,84722,0
